2558 4198
230 317 295 380 332
496 309 697 362 nentrum
714 309 859 364 osonum

228 459 387 534 Epicurum
413 459 485 517 setis
508 477 650 538 superque
677 462 788 520 dictum
826 470 881 522 est.
935 464 998 524 Sed
1024 481 1104 529 sven

229 560 339 626 audire,
367 567 396 618 tu
425 561 497 634 ipse,
522 563 620 628 Cotto,
644 565 712 637 quid
738 564 858 620 sentias.
913 565 975 635 An,
1000 566 1104 642 inquit,

227 661 335 718 obiitus
350 679 391 728 es,
412 663 486 735 quod
509 663 595 719 initio
618 663 754 726 dixerim,
780 665 893 722 tarsitius
914 683 970 735 me,
996 669 1102 727 tatibus

227 743 397 836 praesertim
411 763 447 818 de
464 764 556 828 rebus,
579 763 647 835 quid
670 781 727 822 non
750 766 897 832 sentirem,
922 785 1007 840 quum
1032 769 1101 842 quid
1171 741 1173 750 ,

227 861 378 928 sentirem,
402 881 485 934 posse
508 861 634 922 dicere?
668 865 753 937 Quod
781 865 807 921 si
822 866 959 924 haberem
981 868 1103 942 aliquid,

227 963 303 1037 quod
317 963 454 1037 liqueret:
489 970 586 1020 tamen
600 971 629 1020 te
642 964 773 1022 vicissim
786 966 887 1022 audire
902 968 1021 1032 vetlem,
1036 985 1103 1026 oum

227 1059 291 1136 ipse
317 1069 376 1120 tnm
391 1066 482 1120 mults
497 1063 648 1122 dixissem.
692 1065 771 1122 Tum
791 1065 910 1128 Bathos,
925 1065 1034 1124 Geram
1050 1067 1104 1125 tibi

226 1178 346 1228 morem,
360 1169 390 1220 et
405 1181 489 1238 agam
503 1183 587 1236 quem
603 1164 773 1222 brevissime
786 1173 894 1238 potero.
907 1166 1016 1224 etenim
1030 1184 1101 1225 oon·

227 1259 317 1319 vietis
332 1261 451 1336 Epicuri
465 1263 618 1328 erroribus,
641 1267 727 1338 ionga
751 1267 788 1321 de
812 1283 877 1322 meo
899 1264 1101 1337 disputatione

226 1361 358 1418 detracta
372 1363 467 1420 oratio
488 1369 542 1420 est.
585 1363 714 1421 Omnino
734 1365 872 1422 dividunt
900 1364 988 1422 nostri
1008 1370 1104 1423 totam

226 1461 314 1520 istnm
337 1463 374 1520 de
402 1461 458 1518 diis
482 1462 691 1521 immortalibus
716 1466 918 1539 quaestionem
941 1463 972 1521 in
1000 1471 1100 1538 partes
1153 1467 1155 1476 ’

226 1567 368 1638 quattuor.
398 1563 527 1620 Primum
540 1565 658 1631 docent,
672 1582 735 1622 esse
751 1566 839 1633 deos3
867 1563 985 1626 deinde.
998 1565 1099 1637 quales

225 1662 304 1722 sint:
333 1668 403 1731 tum,
428 1665 565 1721 mundum
579 1667 616 1720 ob
638 1665 682 1722 his
703 1663 916 1722 administrari:
939 1671 1096 1736 postremo,

225 1763 379 1824 oonsuiere'
403 1781 453 1820 eos
479 1767 561 1822 rebus
577 1765 720 1822 humanis.
763 1765 825 1820 Nos
851 1769 949 1820 autem
971 1764 1026 1820 hoo
1040 1779 1099 1820 ser·

225 1879 321 1929 mone,
335 1881 410 1937 ques
431 1864 524 1938 priora
544 1864 602 1922 duo
622 1869 699 1931 sunt,
724 1879 887 1920 sumamus:
920 1863 1045 1929 tertium,
1065 1867 1099 1920 et

225 1968 366 2038 quartum,
380 1963 446 2036 quia
463 1966 571 2036 majora
584 1970 660 2027 sunt,
676 1969 745 2036 puto
759 1981 823 2019 esse
838 1963 868 2018 in
883 1962 962 2019 aliud
983 1969 1096 2035 tempus

224 2059 394 2134 differendo.
449 2061 573 2120 Minime
599 2081 679 2140 vero,
704 2062 798 2137 inquit
822 2062 937 2120 Cotta:
972 2079 1040 2119 nam
1064 2065 1097 2119 et

149 2177 153 2185 ·
225 2161 313 2221 otiosi
325 2177 431 2227 sumus,
445 2165 475 2216 et
489 2158 525 2217 iis
538 2161 576 2217 de
600 2163 685 2218 rebus
698 2147 820 2235 agimus,
835 2179 908 2236 quae
922 2165 990 2219 sunt
1004 2161 1101 2219 etism.

226 2261 352 2337 negotiis
367 2261 599 2332 anteponendas.

196 2373 217 2432 2
267 2360 347 2418 Tum
368 2359 508 2427 Lucilius,
530 2361 579 2417 Ne
599 2377 686 2435 egere
707 2360 824 2435 quidem¹
844 2361 968 2429 videtur,
992 2361 1102 2436 inquit,.

224 2463 356 2522 oratione
390 2461 482 2536 prima
516 2479 589 2535 pers.
619 2462 687 2535 quid
708 2461 789 2517 enim
818 2467 912 2534 potest
942 2479 1007 2518 esse
1035 2468 1096 2517 tam

225 2570 366 2639 apertum,
391 2569 506 2638 temque
531 2561 724 2636 perspicuum,
745 2577 811 2618 oum
837 2562 952 2618 caetum
976 2577 1097 2633 suspex-

225 2665 309 2734 imus,
337 2664 533 2737 coelestiaque
560 2657 751 2732 contemplati
778 2677 884 2727 sumus,
909 2677 1004 2734 quam,
1030 2675 1096 2715 esse

225 2767 342 2841 ntiquod
366 2781 473 2822 numen
498 2761 762 2836 praestantissimae
790 2759 907 2827 mentis,
935 2776 992 2834 quo
1019 2758 1099 2816 hseo

225 2863 384 2941 regantur?
408 2862 534 2938 quodni
558 2863 600 2919 ita
623 2867 709 2931 esset,
733 2861 782 2936 qui
808 2860 950 2935 potuisset
977 2875 1102 2916 assensu*

225 2966 356 3025 omnium
367 2965 467 3021 dicere
482 2961 619 3020 Ennius?

284 3121 384 3182 Adspice
392 3119 435 3166 hoc
445 3117 538 3166 sublime
548 3117 651 3173 candens,
661 3130 725 3177 quem
736 3114 841 3162 invocant
849 3128 926 3162 omnes
937 3113 1017 3160 dorem
1027 3129 1034 3172 3

224 3265 307 3322 illum
335 3278 406 3319 vero
426 3266 456 3316 et
481 3258 600 3325 Jovem‚
624 3263 654 3313 et
680 3256 892 3314 dominatorem
926 3271 1030 3323 rerum,
1065 3259 1097 3311 et

225 3363 323 3425 omnia
335 3367 405 3420 nutu
419 3365 579 3434 regentem,
593 3361 632 3424 et,
645 3361 676 3412 ut
687 3358 764 3414 idem
779 3355 902 3424 Ennius,

372 3532 431 3542 --
446 3513 532 3566 patrem
543 3503 671 3563 divomque,
681 3501 846 3564 hominumque,

225 3632 255 3684 et
285 3633 468 3700 praesentem
502 3641 537 3684 no
558 3625 892 3704 praepotentemndeum.
935 3622 1021 3697 Quod
1045 3619 1095 3696 qui
