2538 4188
241 301 308 366 Μ
488 287 544 346 ,ω
558 291 699 346 aarum
712 293 857 346 omnnia

240 441 404 517 diligentie.
444 443 524 502 Nem
548 447 657 504 multoe
670 450 702 504 el
715 447 853 518 pecudea
865 449 897 504 et
916 447 1019 522 stirpes
1030 452 1115 521 suot,

239 561 314 620 apae
337 544 402 602 rino
427 545 631 617 procuratione
658 546 807 604 lromioum
831 549 933 605 selvae
962 566 1028 606 esse
1053 568 1115 609 non

239 649 368 718 peneum.
410 643 540 718 linguae
573 644 663 703 etiam
686 646 918 718 opportunitates
941 649 978 704 ad
1002 651 1113 708 cultum

238 743 398 810 bominum
423 750 510 817 atque
536 744 759 811 abundantiam,
785 745 861 802 aliae
887 746 954 804 aliie
979 748 1011 804 in
1037 748 1110 806 locis

237 843 428 915 reperiuntur.
471 844 640 917 Aegyptum
655 843 741 902 Nilus
762 844 871 918 irriget,
893 851 934 910 et,
955 863 1024 904 cum
1048 853 1112 906 tolo

238 947 351 1000 mule
374 944 514 1012 obrutum
539 945 744 1017 oppletamque
771 944 872 1010 tenuit,
901 952 961 1002 tum
988 946 1111 1015 recedit,

238 1041 434 1117 mollitosque,
447 1049 477 1100 et
500 1044 654 1102 oblimatos
669 1061 752 1116 agros
775 1045 811 1100 ad
834 1046 997 1112 serendum,
1022 1047 1111 1106 relin-

238 1142 311 1216 quit.
353 1142 596 1214 Mesopotamiam
621 1143 745 1200 fenilem
767 1143 855 1202 efficit
877 1144 1057 1216 Euphrates:
1080 1145 1111 1204 iu

237 1255 323 1314 quem
343 1243 499 1314 quotannis
520 1242 605 1316 quari
636 1259 728 1298 novos
750 1259 834 1314 agros
860 1242 982 1302 invehit.
1024 1243 1114 1300 lodus

238 1355 320 1405 veru,
334 1337 383 1413 qui
406 1345 451 1398 est
464 1341 593 1400 omnium
613 1341 761 1398 fluminum
784 1342 937 1408 maximus,
958 1359 1016 1398 non
1037 1359 1113 1415 oque

238 1441 331 1498 rolnnr
347 1457 434 1514 agros
456 1440 604 1508 laetificat,
618 1447 648 1498 et
664 1440 787 1514 mitigat,
801 1443 852 1498 sed
875 1459 924 1498 eos
938 1440 1025 1498 etiam
1039 1457 1110 1498 con·

238 1538 317 1598 ecrit.
339 1555 475 1636 mgnum
497 1540 579 1598 enim
605 1540 667 1598 vim
688 1539 831 1598 seminum
855 1559 955 1598 secum
975 1539 1112 1598 frumenti

239 1638 378 1698 similium
392 1640 500 1698 dicitnr
522 1641 682 1712 deportare.
735 1640 886 1714 Multaque
911 1639 969 1696 olio
990 1640 1021 1697 in
1043 1638 1110 1697 aliis

237 1739 313 1796 loeis
334 1739 603 1798 commemorabilia
627 1741 752 1812 prolerre
780 1758 913 1812 puesnm
934 1741 1039 1797 multos
1060 1738 1112 1795 ler-

185 1837 228 1898 ⁵3
239 1838 305 1896 liter
318 1857 411 1912 egros,
425 1841 498 1898 alios
523 1838 647 1896 aliorum
667 1839 822 1896 fructuum.
866 1840 925 1896 Sed
941 1840 1112 1912 illaqueata

236 1936 403 2009 benigmm
422 1944 552 2003 naturae,
574 1941 653 2010 quud
679 1946 737 1995 lam
757 1940 847 1994 multa
871 1940 907 1992 ad
924 1937 1112 2004 vescendum,

202 2025 204 2027 ’
236 2038 297 2094 lem
322 2034 413 2098 varie,
437 2039 553 2105 lamque
574 2033 707 2104 jucunda
732 2034 845 2108 gignit:
868 2050 961 2104 neque
988 2050 1025 2088 ea
1051 2051 1111 2092 nno

237 2137 368 2204 tempore
383 2129 472 2186 enni:
493 2136 523 2186 ut
538 2145 652 2200 semper
665 2135 695 2184 et
719 2129 852 2186 novitate
873 2129 1067 2200 delectemur,
1081 2135 1113 2190 el

236 2226 345 2301 copia?
366 2229 462 2300 Quam
484 2226 673 2300 tempestivos
688 2230 784 2284 antem
811 2227 901 2294 dedit,
925 2245 1011 2302 quam
1037 2233 1112 2288 salra-

235 2335 312 2388 tores
325 2346 385 2386 non
400 2329 487 2386 modo
499 2326 659 2395 hominnm,
669 2329 721 2386 sed
735 2327 824 2386 etiarn
839 2325 982 2400 pecudum
996 2329 1109 2402 generi,

234 2427 272 2486 i‘u
291 2429 418 2504 denique
441 2429 587 2494 omnibus,
610 2447 685 2500 quae
705 2427 835 2486 oriunlur
857 2446 874 2484 a
897 2435 983 2494 terra,
1000 2434 1108 2484 ventor

234 2525 376 2586 Etesiae?
411 2545 530 2603 quornm
557 2527 626 2584 lictu
662 2527 747 2586 nimii
768 2532 964 2607 temperantur
988 2527 1110 2586 colores.

236 2629 287 2688 Aa
315 2629 419 2686 iisdem
440 2627 531 2684 etiam
549 2626 688 2684 maritimi
710 2643 810 2684 cursus
837 2629 957 2692 celeres,
984 2631 1014 2682 et
1034 2623 1110 2684 certi

234 2728 406 2803 diriguntur.
472 2727 568 2784 Multo
592 2727 800 2799 praetereunda
828 2732 911 2782 sunl:
951 2728 982 2780 et
1006 2729 1107 2782 lamen

235 2829 327 2886 mulla
366 2825 510 2884 dicuntur.
562 2825 735 2884 Enumerari
772 2825 851 2882 enim
889 2838 949 2882 non
988 2826 1108 2896 possunt

234 2925 385 3007 fluminum
411 2925 663 2998 opportunitates:
695 2929 791 2980 aestus
819 2920 956 2979 maritimi
983 2923 1106 2978 multum

234 3025 412 3083 accedentes
443 3028 474 3080 et
501 3025 671 3080 recedentes
686 3042 692 3077 :
708 3053 720 3065 -
737 3028 852 3078 rnoutee
880 3019 989 3086 vestiti,
1017 3025 1106 3094 alque

233 3123 400 3181 silvestres:
430 3121 542 3178 salinae
557 3122 607 3188 ab
633 3137 684 3178 oro
709 3119 854 3178 maritima
875 3116 1104 3178 remotissimae:

234 3221 511 3280 medicamentorum
526 3218 694 3277 salutarium
709 3218 894 3291 plenissimae
905 3225 1013 3276 terrac:
1028 3221 1106 3276 artes
1121 3247 1125 3258 -

233 3320 360 3396 deniqne
371 3318 607 3388 innumerabiles,
620 3319 656 3374 ad
672 3317 791 3383 victum,
805 3323 834 3372 et
846 3318 883 3374 ad
899 3317 989 3374 vilarn
1003 3333 1107 3374 neces·

235 3417 340 3477 auriae.
382 3420 451 3476 Jam
479 3417 549 3486 diei,
569 3417 719 3492 noctisque
754 3415 926 3474 vicissitudo
949 3419 1108 3472 conservat

235 3514 410 3588 colorantes,
423 3517 553 3580 munem
566 3516 646 3578 aliud
664 3516 771 3596 agendi
785 3523 907 3592 tempus,
921 3515 1000 3580 aliutl
1012 3515 1109 3594 quies·
