<?xml version="1.0" encoding="UTF-8"?>
<!DOCTYPE html PUBLIC "-//W3C//DTD XHTML 1.0 Transitional//EN"
    "http://www.w3.org/TR/xhtml1/DTD/xhtml1-transitional.dtd">
<html xmlns="http://www.w3.org/1999/xhtml" xml:lang="en" lang="en">
 <head>
  <title>
</title>
<meta http-equiv="Content-Type" content="text/html;charset=utf-8" />
  <meta name='ocr-system' content='tesseract 3.04.00' />
  <meta name='ocr-capabilities' content='ocr_page ocr_carea ocr_par ocr_line ocrx_word'/>
</head>
<body>
  <div class='ocr_page' id='page_1' title='image "./mtvlliiciceroni11cicegoog/mtvlliiciceroni11cicegoog_0107.png"; bbox 0 0 2552 4208; ppageno 0'>
   <div class='ocr_carea' id='block_1_1' title="bbox 231 317 867 389">
    <p class='ocr_par' dir='ltr' id='par_1_1' title="bbox 231 317 867 389">
     <span class='ocr_line' id='line_1_1' title="bbox 231 317 867 389; baseline -0.003 -17"><span class='ocrx_word' id='word_1_1' title='bbox 231 329 277 389; x_wconf 66' lang='lat'>90</span> <span class='ocrx_word' id='word_1_2' title='bbox 472 317 607 370; x_wconf 76' lang='lat' dir='ltr'>ausona</span> <span class='ocrx_word' id='word_1_3' title='bbox 624 317 867 373; x_wconf 72' lang='lat' dir='ltr'>euluarrorrure</span> 
     </span>
    </p>
   </div>
   <div class='ocr_carea' id='block_1_2' title="bbox 234 467 1110 646">
    <p class='ocr_par' dir='ltr' id='par_1_2' title="bbox 234 467 1110 646">
     <span class='ocr_line' id='line_1_2' title="bbox 234 467 1110 547; baseline -0.001 -18"><span class='ocrx_word' id='word_1_4' title='bbox 234 488 304 547; x_wconf 87' lang='lat' dir='ltr'>pere</span> <span class='ocrx_word' id='word_1_5' title='bbox 330 471 565 546; x_wconf 65' lang='lat' dir='ltr'>januardum</span> <span class='ocrx_word' id='word_1_6' title='bbox 593 467 766 530; x_wconf 76' lang='lat' dir='ltr'>contraxit?</span> <span class='ocrx_word' id='word_1_7' title='bbox 786 475 899 528; x_wconf 87' lang='lat' dir='ltr'>tantum</span> <span class='ocrx_word' id='word_1_8' title='bbox 924 467 1110 540; x_wconf 81' lang='lat' dir='ltr'>exercitatio,</span> 
     </span>
     <span class='ocr_line' id='line_1_3' title="bbox 234 570 970 646; baseline -0.001 -17"><span class='ocrx_word' id='word_1_9' title='bbox 234 571 396 637; x_wconf 78' lang='lat' dir='ltr'>meditatio,</span> <span class='ocrx_word' id='word_1_10' title='bbox 410 572 590 628; x_wconf 75' lang='lat' dir='ltr'>cousuetudo</span> <span class='ocrx_word' id='word_1_11' title='bbox 605 572 695 626; x_wconf 86' lang='lat' dir='ltr'>valet.</span> <span class='ocrx_word' id='word_1_12' title='bbox 709 587 779 646; x_wconf 80' lang='lat' dir='ltr'>ergo</span> <span class='ocrx_word' id='word_1_13' title='bbox 793 571 848 628; x_wconf 88' lang='lat' dir='ltr'>lroe</span> <span class='ocrx_word' id='word_1_14' title='bbox 864 570 970 646; x_wconf 89' lang='lat' dir='ltr'>poterit</span> 
     </span>
    </p>
   </div>
   <div class='ocr_carea' id='block_1_3' title="bbox 354 713 956 778">
    <p class='ocr_par' dir='ltr' id='par_1_3' title="bbox 354 713 956 778">
     <span class='ocr_line' id='line_1_4' title="bbox 354 713 956 778; baseline -0.003 -14"><span class='ocrx_word' id='word_1_15' title='bbox 354 715 450 773; x_wconf 71' lang='lat' dir='ltr'>samnia,</span> <span class='ocrx_word' id='word_1_16' title='bbox 461 729 551 776; x_wconf 73' lang='lat' dir='ltr'>spurcus</span> <span class='ocrx_word' id='word_1_17' title='bbox 561 716 636 774; x_wconf 87' lang='lat' dir='ltr'>homo,</span> <span class='ocrx_word' id='word_1_18' title='bbox 647 715 695 762; x_wconf 81' lang='lat' dir='ltr'>vita</span> <span class='ocrx_word' id='word_1_19' title='bbox 710 715 751 762; x_wconf 81' lang='lat' dir='ltr'>ille</span> <span class='ocrx_word' id='word_1_20' title='bbox 761 715 837 776; x_wconf 75' lang='lat' dir='ltr'>dignu&#39;</span> <span class='ocrx_word' id='word_1_21' title='bbox 847 713 956 778; x_wconf 78' lang='lat' dir='ltr'>locoque:</span> 
     </span>
    </p>
   </div>
   <div class='ocr_carea' id='block_1_4' title="bbox 134 847 1222 3110">
    <p class='ocr_par' dir='ltr' id='par_1_4' title="bbox 228 847 1109 1518">
     <span class='ocr_line' id='line_1_5' title="bbox 232 847 1109 921; baseline 0 -15"><span class='ocrx_word' id='word_1_22' title='bbox 232 847 282 906; x_wconf 80' lang='lat' dir='ltr'>vir</span> <span class='ocrx_word' id='word_1_23' title='bbox 302 852 390 906; x_wconf 82' lang='lat' dir='ltr'>natue</span> <span class='ocrx_word' id='word_1_24' title='bbox 409 849 445 905; x_wconf 90' lang='lat' dir='ltr'>ad</span> <span class='ocrx_word' id='word_1_25' title='bbox 460 847 592 921; x_wconf 80' lang='lat' dir='ltr'>gloriam,</span> <span class='ocrx_word' id='word_1_26' title='bbox 617 851 706 906; x_wconf 91' lang='lat' dir='ltr'>ullam</span> <span class='ocrx_word' id='word_1_27' title='bbox 727 854 839 921; x_wconf 85' lang='lat' dir='ltr'>partem</span> <span class='ocrx_word' id='word_1_28' title='bbox 852 847 945 905; x_wconf 83' lang='lat' dir='ltr'>animi</span> <span class='ocrx_word' id='word_1_29' title='bbox 966 851 1025 906; x_wconf 87' lang='lat' dir='ltr'>lam</span> <span class='ocrx_word' id='word_1_30' title='bbox 1039 849 1109 906; x_wconf 89' lang='lat' dir='ltr'>mol·</span> 
     </span>
     <span class='ocr_line' id='line_1_6' title="bbox 228 943 1109 1022; baseline 0 -16"><span class='ocrx_word' id='word_1_31' title='bbox 228 949 291 1008; x_wconf 85' lang='lat' dir='ltr'>lem</span> <span class='ocrx_word' id='word_1_32' title='bbox 308 947 435 1014; x_wconf 85' lang='lat' dir='ltr'>babebit,</span> <span class='ocrx_word' id='word_1_33' title='bbox 450 965 536 1022; x_wconf 87' lang='lat' dir='ltr'>quam</span> <span class='ocrx_word' id='word_1_34' title='bbox 558 965 617 1004; x_wconf 92' lang='lat' dir='ltr'>non</span> <span class='ocrx_word' id='word_1_35' title='bbox 640 943 830 1006; x_wconf 80' lang='lat' dir='ltr'>meditatione</span> <span class='ocrx_word' id='word_1_36' title='bbox 844 953 874 1004; x_wconf 90' lang='lat' dir='ltr'>et</span> <span class='ocrx_word' id='word_1_37' title='bbox 889 947 1001 1006; x_wconf 85' lang='lat' dir='ltr'>ratione</span> <span class='ocrx_word' id='word_1_38' title='bbox 1016 965 1109 1006; x_wconf 83' lang='lat' dir='ltr'>corro-</span> 
     </span>
     <span class='ocr_line' id='line_1_7' title="bbox 230 1045 1109 1122; baseline 0 -16"><span class='ocrx_word' id='word_1_39' title='bbox 230 1045 336 1106; x_wconf 79' lang='lat' dir='ltr'>boret?</span> <span class='ocrx_word' id='word_1_40' title='bbox 356 1049 475 1105; x_wconf 82' lang='lat' dir='ltr'>crudele</span> <span class='ocrx_word' id='word_1_41' title='bbox 489 1046 681 1122; x_wconf 83' lang='lat' dir='ltr'>gladiatorum</span> <span class='ocrx_word' id='word_1_42' title='bbox 704 1049 914 1120; x_wconf 72' lang='lat' dir='ltr'>spectaculum,</span> <span class='ocrx_word' id='word_1_43' title='bbox 927 1051 958 1103; x_wconf 85' lang='lat' dir='ltr'>et</span> <span class='ocrx_word' id='word_1_44' title='bbox 978 1045 1109 1106; x_wconf 86' lang='lat' dir='ltr'>inhuma-</span> 
     </span>
     <span class='ocr_line' id='line_1_8' title="bbox 230 1145 1108 1214; baseline -0.008 -6"><span class='ocrx_word' id='word_1_45' title='bbox 230 1164 301 1208; x_wconf 83' lang='lat' dir='ltr'>num</span> <span class='ocrx_word' id='word_1_46' title='bbox 317 1149 465 1206; x_wconf 79' lang='lat' dir='ltr'>nonnullis</span> <span class='ocrx_word' id='word_1_47' title='bbox 489 1146 582 1204; x_wconf 90' lang='lat' dir='ltr'>videri</span> <span class='ocrx_word' id='word_1_48' title='bbox 604 1149 700 1203; x_wconf 75' lang='lat' dir='ltr'>nolet:</span> <span class='ocrx_word' id='word_1_49' title='bbox 723 1156 754 1203; x_wconf 89' lang='lat' dir='ltr'>et</span> <span class='ocrx_word' id='word_1_50' title='bbox 769 1146 845 1202; x_wconf 88' lang='lat' dir='ltr'>haud</span> <span class='ocrx_word' id='word_1_51' title='bbox 865 1145 928 1203; x_wconf 79' lang='lat' dir='ltr'>noio</span> <span class='ocrx_word' id='word_1_52' title='bbox 948 1163 987 1205; x_wconf 90' lang='lat' dir='ltr'>an</span> <span class='ocrx_word' id='word_1_53' title='bbox 1006 1145 1047 1204; x_wconf 87' lang='lat' dir='ltr'>ita</span> <span class='ocrx_word' id='word_1_54' title='bbox 1061 1145 1108 1214; x_wconf 78' lang='lat' dir='ltr'>ait,</span> 
     </span>
     <span class='ocr_line' id='line_1_9' title="bbox 230 1243 1108 1318; baseline -0.001 -14"><span class='ocrx_word' id='word_1_55' title='bbox 230 1251 264 1304; x_wconf 92' lang='lat' dir='ltr'>ut</span> <span class='ocrx_word' id='word_1_56' title='bbox 278 1264 356 1304; x_wconf 85' lang='lat' dir='ltr'>nuuc</span> <span class='ocrx_word' id='word_1_57' title='bbox 371 1248 491 1304; x_wconf 82' lang='lat' dir='ltr'>lituum</span> <span class='ocrx_word' id='word_1_58' title='bbox 508 1263 578 1302; x_wconf 89' lang='lat' dir='ltr'>vero</span> <span class='ocrx_word' id='word_1_59' title='bbox 592 1251 692 1305; x_wconf 84' lang='lat' dir='ltr'>aonlee</span> <span class='ocrx_word' id='word_1_60' title='bbox 707 1245 781 1302; x_wconf 90' lang='lat' dir='ltr'>lerro</span> <span class='ocrx_word' id='word_1_61' title='bbox 799 1245 1015 1318; x_wconf 78' lang='lat' dir='ltr'>depugnabant,</span> <span class='ocrx_word' id='word_1_62' title='bbox 1035 1243 1108 1304; x_wconf 87' lang='lat' dir='ltr'>auri·</span> 
     </span>
     <span class='ocr_line' id='line_1_10' title="bbox 231 1343 1107 1418; baseline -0.001 -14"><span class='ocrx_word' id='word_1_63' title='bbox 231 1345 285 1404; x_wconf 85' lang='lat' dir='ltr'>bue</span> <span class='ocrx_word' id='word_1_64' title='bbox 300 1345 420 1404; x_wconf 79' lang='lat' dir='ltr'>lortaaee</span> <span class='ocrx_word' id='word_1_65' title='bbox 436 1347 554 1412; x_wconf 85' lang='lat' dir='ltr'>multae,</span> <span class='ocrx_word' id='word_1_66' title='bbox 575 1346 669 1401; x_wconf 76' lang='lat' dir='ltr'>oeulis</span> <span class='ocrx_word' id='word_1_67' title='bbox 684 1343 800 1418; x_wconf 87' lang='lat' dir='ltr'>quidem</span> <span class='ocrx_word' id='word_1_68' title='bbox 815 1345 895 1402; x_wconf 87' lang='lat' dir='ltr'>nulla</span> <span class='ocrx_word' id='word_1_69' title='bbox 911 1351 1023 1417; x_wconf 87' lang='lat' dir='ltr'>poterat</span> <span class='ocrx_word' id='word_1_70' title='bbox 1042 1361 1107 1404; x_wconf 78' lang='lat' dir='ltr'>oeae</span> 
     </span>
     <span class='ocr_line' id='line_1_11' title="bbox 232 1442 1012 1518; baseline 0.004 -19"><span class='ocrx_word' id='word_1_71' title='bbox 232 1442 333 1502; x_wconf 78' lang='lat' dir='ltr'>tortior</span> <span class='ocrx_word' id='word_1_72' title='bbox 346 1450 448 1502; x_wconf 83' lang='lat' dir='ltr'>eontra</span> <span class='ocrx_word' id='word_1_73' title='bbox 462 1445 602 1510; x_wconf 88' lang='lat' dir='ltr'>dolorem,</span> <span class='ocrx_word' id='word_1_74' title='bbox 613 1450 644 1500; x_wconf 91' lang='lat' dir='ltr'>et</span> <span class='ocrx_word' id='word_1_75' title='bbox 658 1450 778 1501; x_wconf 84' lang='lat' dir='ltr'>mortem</span> <span class='ocrx_word' id='word_1_76' title='bbox 792 1443 959 1518; x_wconf 85' lang='lat' dir='ltr'>diaoiplina.</span> <span class='ocrx_word' id='word_1_77' title='bbox 1009 1496 1012 1502; x_wconf 90' lang='lat'>.</span> 
     </span>
    </p>

    <p class='ocr_par' dir='ltr' id='par_1_5' title="bbox 134 1535 1222 3110">
     <span class='ocr_line' id='line_1_12' title="bbox 134 1535 1107 1624; baseline 0 -22"><span class='ocrx_word' id='word_1_78' title='bbox 134 1618 136 1624; x_wconf 27' lang='grc' dir='ltr'>Ι</span> <span class='ocrx_word' id='word_1_79' title='bbox 173 1535 221 1596; x_wconf 69' lang='grc'>18</span> <span class='ocrx_word' id='word_1_80' title='bbox 273 1545 321 1602; x_wconf 90' lang='lat' dir='ltr'>De</span> <span class='ocrx_word' id='word_1_81' title='bbox 344 1545 568 1612; x_wconf 78' lang='lat' dir='ltr'>exercitatione,</span> <span class='ocrx_word' id='word_1_82' title='bbox 582 1551 613 1600; x_wconf 87' lang='lat' dir='ltr'>et</span> <span class='ocrx_word' id='word_1_83' title='bbox 637 1544 858 1612; x_wconf 77' lang='lat' dir='ltr'>consuetudine,</span> <span class='ocrx_word' id='word_1_84' title='bbox 871 1548 902 1600; x_wconf 86' lang='lat' dir='ltr'>et</span> <span class='ocrx_word' id='word_1_85' title='bbox 929 1547 1107 1602; x_wconf 78' lang='lat' dir='ltr'>commente-</span> 
     </span>
     <span class='ocr_line' id='line_1_13' title="bbox 230 1642 1106 1720; baseline 0.002 -18"><span class='ocrx_word' id='word_1_86' title='bbox 230 1643 312 1702; x_wconf 86' lang='lat' dir='ltr'>iione</span> <span class='ocrx_word' id='word_1_87' title='bbox 335 1646 408 1704; x_wconf 78' lang='lat' dir='ltr'>dixi.</span> <span class='ocrx_word' id='word_1_88' title='bbox 436 1645 542 1720; x_wconf 75' lang='lat' dir='ltr'>agesis,</span> <span class='ocrx_word' id='word_1_89' title='bbox 556 1660 636 1702; x_wconf 84' lang='lat' dir='ltr'>nuno</span> <span class='ocrx_word' id='word_1_90' title='bbox 660 1644 698 1701; x_wconf 88' lang='lat' dir='ltr'>de</span> <span class='ocrx_word' id='word_1_91' title='bbox 721 1642 834 1700; x_wconf 83' lang='lat' dir='ltr'>ratione</span> <span class='ocrx_word' id='word_1_92' title='bbox 856 1643 1027 1702; x_wconf 79' lang='lat' dir='ltr'>videamus:</span> <span class='ocrx_word' id='word_1_93' title='bbox 1049 1643 1106 1704; x_wconf 79' lang='lat' dir='ltr'>ulei</span> 
     </span>
     <span class='ocr_line' id='line_1_14' title="bbox 231 1725 1171 1820; baseline 0 -20"><span class='ocrx_word' id='word_1_94' title='bbox 231 1734 300 1820; x_wconf 89' lang='lat' dir='ltr'>quid</span> <span class='ocrx_word' id='word_1_95' title='bbox 315 1745 361 1801; x_wconf 83' lang='lat' dir='ltr'>vie</span> <span class='ocrx_word' id='word_1_96' title='bbox 376 1746 413 1801; x_wconf 90' lang='lat' dir='ltr'>ad</span> <span class='ocrx_word' id='word_1_97' title='bbox 427 1747 511 1801; x_wconf 87' lang='lat' dir='ltr'>haee.</span> <span class='ocrx_word' id='word_1_98' title='bbox 555 1746 593 1802; x_wconf 83' lang='lat' dir='ltr'>A.</span> <span class='ocrx_word' id='word_1_99' title='bbox 615 1744 718 1818; x_wconf 82' lang='lat' dir='ltr'>Egone</span> <span class='ocrx_word' id='word_1_100' title='bbox 741 1747 772 1800; x_wconf 90' lang='lat' dir='ltr'>ut</span> <span class='ocrx_word' id='word_1_101' title='bbox 786 1748 816 1800; x_wconf 91' lang='lat' dir='ltr'>te</span> <span class='ocrx_word' id='word_1_102' title='bbox 839 1739 1046 1816; x_wconf 81' lang='lat' dir='ltr'>interpellem?</span> <span class='ocrx_word' id='word_1_103' title='bbox 1067 1759 1106 1800; x_wconf 86' lang='lat' dir='ltr'>ue</span> <span class='ocrx_word' id='word_1_104' title='bbox 1167 1725 1171 1734; x_wconf 58' lang='grc'><strong>’</strong></span> 
     </span>
     <span class='ocr_line' id='line_1_15' title="bbox 231 1841 1222 1916; baseline -0.002 -14"><span class='ocrx_word' id='word_1_105' title='bbox 231 1842 289 1902; x_wconf 85' lang='lat' dir='ltr'>hoe</span> <span class='ocrx_word' id='word_1_106' title='bbox 303 1843 418 1916; x_wconf 86' lang='lat' dir='ltr'>quidem</span> <span class='ocrx_word' id='word_1_107' title='bbox 434 1845 563 1900; x_wconf 87' lang='lat' dir='ltr'>vellem:</span> <span class='ocrx_word' id='word_1_108' title='bbox 591 1842 632 1900; x_wconf 86' lang='lat' dir='ltr'>ita</span> <span class='ocrx_word' id='word_1_109' title='bbox 647 1859 693 1899; x_wconf 88' lang='lat' dir='ltr'>me</span> <span class='ocrx_word' id='word_1_110' title='bbox 707 1842 744 1898; x_wconf 91' lang='lat' dir='ltr'>ad</span> <span class='ocrx_word' id='word_1_111' title='bbox 764 1842 943 1902; x_wconf 83' lang='lat' dir='ltr'>eredendum</span> <span class='ocrx_word' id='word_1_112' title='bbox 957 1851 1006 1900; x_wconf 88' lang='lat' dir='ltr'>tua</span> <span class='ocrx_word' id='word_1_113' title='bbox 1023 1841 1107 1900; x_wconf 91' lang='lat' dir='ltr'>duoit</span> <span class='ocrx_word' id='word_1_114' title='bbox 1216 1867 1222 1879; x_wconf 92' lang='lat'><strong>·</strong></span> 
     </span>
     <span class='ocr_line' id='line_1_16' title="bbox 233 1941 1107 2016; baseline 0.001 -17"><span class='ocrx_word' id='word_1_115' title='bbox 233 1944 335 2000; x_wconf 87' lang='lat' dir='ltr'>oratio.</span> <span class='ocrx_word' id='word_1_116' title='bbox 378 1942 421 2000; x_wconf 87' lang='grc' dir='ltr'>Μ.</span> <span class='ocrx_word' id='word_1_117' title='bbox 444 1942 528 2000; x_wconf 87' lang='lat' dir='ltr'>Sitne</span> <span class='ocrx_word' id='word_1_118' title='bbox 543 1941 631 2016; x_wconf 68' lang='lat' dir='ltr'>igitur</span> <span class='ocrx_word' id='word_1_119' title='bbox 644 1945 751 2000; x_wconf 90' lang='lat' dir='ltr'>malum</span> <span class='ocrx_word' id='word_1_120' title='bbox 765 1944 873 2010; x_wconf 86' lang='lat' dir='ltr'>dolere,</span> <span class='ocrx_word' id='word_1_121' title='bbox 885 1959 990 2010; x_wconf 88' lang='lat' dir='ltr'>neone,</span> <span class='ocrx_word' id='word_1_122' title='bbox 1011 1941 1107 2001; x_wconf 86' lang='lat' dir='ltr'>Stoioi</span> 
     </span>
     <span class='ocr_line' id='line_1_17' title="bbox 233 2041 1105 2115; baseline 0.003 -16"><span class='ocrx_word' id='word_1_123' title='bbox 233 2041 371 2108; x_wconf 74' lang='lat' dir='ltr'>viderint,</span> <span class='ocrx_word' id='word_1_124' title='bbox 385 2041 434 2115; x_wconf 88' lang='lat' dir='ltr'>qui</span> <span class='ocrx_word' id='word_1_125' title='bbox 448 2041 621 2098; x_wconf 80' lang='lat' dir='ltr'>contortulis</span> <span class='ocrx_word' id='word_1_126' title='bbox 636 2042 817 2115; x_wconf 76' lang='lat' dir='ltr'>quibusdam,</span> <span class='ocrx_word' id='word_1_127' title='bbox 836 2059 872 2100; x_wconf 88' lang='lat' dir='ltr'>ae</span> <span class='ocrx_word' id='word_1_128' title='bbox 894 2041 1013 2100; x_wconf 79' lang='lat' dir='ltr'>minutia</span> <span class='ocrx_word' id='word_1_129' title='bbox 1036 2059 1105 2102; x_wconf 85' lang='lat' dir='ltr'>eou-</span> 
     </span>
     <span class='ocr_line' id='line_1_18' title="bbox 233 2138 1105 2214; baseline 0 -16"><span class='ocrx_word' id='word_1_130' title='bbox 233 2140 432 2208; x_wconf 63' lang='lat' dir='ltr'>„olusiuuoulin</span> <span class='ocrx_word' id='word_1_131' title='bbox 450 2138 538 2198; x_wconf 76' lang='lat' dir='ltr'>⁷⁰nee</span> <span class='ocrx_word' id='word_1_132' title='bbox 563 2142 601 2197; x_wconf 91' lang='lat' dir='ltr'>ad</span> <span class='ocrx_word' id='word_1_133' title='bbox 624 2158 725 2198; x_wconf 78' lang='lat' dir='ltr'>aeneus</span> <span class='ocrx_word' id='word_1_134' title='bbox 754 2141 1000 2214; x_wconf 79' lang='lat' dir='ltr'>permanantibus,</span> <span class='ocrx_word' id='word_1_135' title='bbox 1027 2139 1105 2200; x_wconf 78' lang='lat' dir='ltr'>effici</span> 
     </span>
     <span class='ocr_line' id='line_1_19' title="bbox 233 2239 1104 2315; baseline 0 -17"><span class='ocrx_word' id='word_1_136' title='bbox 233 2243 345 2308; x_wconf 85' lang='lat' dir='ltr'>volunt,</span> <span class='ocrx_word' id='word_1_137' title='bbox 359 2257 417 2298; x_wconf 90' lang='lat' dir='ltr'>nou</span> <span class='ocrx_word' id='word_1_138' title='bbox 431 2257 496 2296; x_wconf 83' lang='lat' dir='ltr'>esee</span> <span class='ocrx_word' id='word_1_139' title='bbox 511 2241 627 2305; x_wconf 89' lang='lat' dir='ltr'>malum,</span> <span class='ocrx_word' id='word_1_140' title='bbox 641 2241 780 2298; x_wconf 84' lang='lat' dir='ltr'>dolorem.</span> <span class='ocrx_word' id='word_1_141' title='bbox 795 2258 851 2315; x_wconf 83' lang='lat' dir='ltr'>ego</span> <span class='ocrx_word' id='word_1_142' title='bbox 864 2241 946 2308; x_wconf 87' lang='lat' dir='ltr'>illud,</span> <span class='ocrx_word' id='word_1_143' title='bbox 966 2239 1104 2315; x_wconf 86' lang='lat' dir='ltr'>quidquid</span> 
     </span>
     <span class='ocr_line' id='line_1_20' title="bbox 233 2337 1104 2414; baseline 0 -16"><span class='ocrx_word' id='word_1_144' title='bbox 233 2340 280 2408; x_wconf 86' lang='lat' dir='ltr'>ait,</span> <span class='ocrx_word' id='word_1_145' title='bbox 295 2346 405 2397; x_wconf 87' lang='lat' dir='ltr'>tantum</span> <span class='ocrx_word' id='word_1_146' title='bbox 419 2358 492 2406; x_wconf 81' lang='lat' dir='ltr'>esse,</span> <span class='ocrx_word' id='word_1_147' title='bbox 514 2344 654 2414; x_wconf 87' lang='lat' dir='ltr'>quantum</span> <span class='ocrx_word' id='word_1_148' title='bbox 674 2339 815 2407; x_wconf 87' lang='lat' dir='ltr'>videatur,</span> <span class='ocrx_word' id='word_1_149' title='bbox 841 2358 899 2398; x_wconf 86' lang='lat' dir='ltr'>uon</span> <span class='ocrx_word' id='word_1_150' title='bbox 925 2345 1003 2413; x_wconf 87' lang='lat' dir='ltr'>puto,</span> <span class='ocrx_word' id='word_1_151' title='bbox 1023 2337 1104 2398; x_wconf 68' lang='lat' dir='ltr'>”lal-</span> 
     </span>
     <span class='ocr_line' id='line_1_21' title="bbox 232 2439 1103 2514; baseline -0.001 -16"><span class='ocrx_word' id='word_1_152' title='bbox 232 2456 320 2514; x_wconf 82' lang='lat' dir='ltr'>aaque</span> <span class='ocrx_word' id='word_1_153' title='bbox 331 2440 391 2513; x_wconf 88' lang='lat' dir='ltr'>ejue</span> <span class='ocrx_word' id='word_1_154' title='bbox 408 2439 521 2498; x_wconf 79' lang='lat' dir='ltr'>visione</span> <span class='ocrx_word' id='word_1_155' title='bbox 535 2445 566 2495; x_wconf 89' lang='lat' dir='ltr'>et</span> <span class='ocrx_word' id='word_1_156' title='bbox 584 2439 683 2512; x_wconf 84' lang='lat' dir='ltr'>epeoie</span> <span class='ocrx_word' id='word_1_157' title='bbox 695 2439 809 2498; x_wconf 91' lang='lat' dir='ltr'>moveri</span> <span class='ocrx_word' id='word_1_158' title='bbox 822 2439 957 2498; x_wconf 81' lang='lat' dir='ltr'>homines</span> <span class='ocrx_word' id='word_1_159' title='bbox 971 2439 1039 2498; x_wconf 84' lang='lat' dir='ltr'>dico</span> <span class='ocrx_word' id='word_1_160' title='bbox 1054 2457 1103 2497; x_wconf 85' lang='lat' dir='ltr'>ve·</span> 
     </span>
     <span class='ocr_line' id='line_1_22' title="bbox 231 2535 1104 2616; baseline -0.001 -18"><span class='ocrx_word' id='word_1_161' title='bbox 231 2539 403 2616; x_wconf 79' lang='lat' dir='ltr'>hernantius,</span> <span class='ocrx_word' id='word_1_162' title='bbox 423 2541 610 2613; x_wconf 87' lang='lat' dir='ltr'>doloremque</span> <span class='ocrx_word' id='word_1_163' title='bbox 631 2535 719 2616; x_wconf 82' lang='lat' dir='ltr'>[ejus]</span> <span class='ocrx_word' id='word_1_164' title='bbox 741 2555 858 2596; x_wconf 85' lang='lat' dir='ltr'>omnem</span> <span class='ocrx_word' id='word_1_165' title='bbox 879 2557 944 2596; x_wconf 79' lang='lat' dir='ltr'>ease</span> <span class='ocrx_word' id='word_1_166' title='bbox 969 2539 1104 2598; x_wconf 87' lang='lat' dir='ltr'>tolerabi-</span> 
     </span>
     <span class='ocr_line' id='line_1_23' title="bbox 229 2634 1102 2715; baseline 0 -17"><span class='ocrx_word' id='word_1_167' title='bbox 229 2641 297 2698; x_wconf 87' lang='lat' dir='ltr'>lem.</span> <span class='ocrx_word' id='word_1_168' title='bbox 312 2642 388 2714; x_wconf 85' lang='lat' dir='ltr'>unde</span> <span class='ocrx_word' id='word_1_169' title='bbox 403 2640 491 2715; x_wconf 82' lang='lat' dir='ltr'>igitur</span> <span class='ocrx_word' id='word_1_170' title='bbox 503 2634 623 2696; x_wconf 81' lang='lat' dir='ltr'>ordiar?</span> <span class='ocrx_word' id='word_1_171' title='bbox 643 2655 680 2696; x_wconf 88' lang='lat' dir='ltr'>an</span> <span class='ocrx_word' id='word_1_172' title='bbox 692 2639 797 2696; x_wconf 87' lang='lat' dir='ltr'>eadem</span> <span class='ocrx_word' id='word_1_173' title='bbox 808 2638 937 2698; x_wconf 84' lang='lat' dir='ltr'>breviter</span> <span class='ocrx_word' id='word_1_174' title='bbox 949 2638 1102 2714; x_wconf 78' lang='lat' dir='ltr'>attingam,</span> 
     </span>
     <span class='ocr_line' id='line_1_24' title="bbox 229 2737 1102 2816; baseline -0.001 -19"><span class='ocrx_word' id='word_1_175' title='bbox 229 2759 302 2816; x_wconf 89' lang='lat' dir='ltr'>quae</span> <span class='ocrx_word' id='word_1_176' title='bbox 325 2742 410 2798; x_wconf 91' lang='lat' dir='ltr'>modo</span> <span class='ocrx_word' id='word_1_177' title='bbox 423 2739 496 2808; x_wconf 79' lang='lat' dir='ltr'>dixi,</span> <span class='ocrx_word' id='word_1_178' title='bbox 524 2755 581 2813; x_wconf 88' lang='lat' dir='ltr'>quo</span> <span class='ocrx_word' id='word_1_179' title='bbox 602 2737 718 2796; x_wconf 85' lang='lat' dir='ltr'>laoiliue</span> <span class='ocrx_word' id='word_1_180' title='bbox 742 2737 836 2796; x_wconf 90' lang='lat' dir='ltr'>oratio</span> <span class='ocrx_word' id='word_1_181' title='bbox 857 2738 991 2812; x_wconf 82' lang='lat' dir='ltr'>progredi</span> <span class='ocrx_word' id='word_1_182' title='bbox 1011 2738 1102 2812; x_wconf 76' lang='lat' dir='ltr'>poenit</span> 
     </span>
     <span class='ocr_line' id='line_1_25' title="bbox 228 2837 1102 2916; baseline -0.002 -18"><span class='ocrx_word' id='word_1_183' title='bbox 228 2837 369 2916; x_wconf 79' lang='lat' dir='ltr'>longine?</span> <span class='ocrx_word' id='word_1_184' title='bbox 390 2841 471 2898; x_wconf 87' lang='lat' dir='ltr'>lnter</span> <span class='ocrx_word' id='word_1_185' title='bbox 491 2857 594 2896; x_wconf 81' lang='lat' dir='ltr'>omnes</span> <span class='ocrx_word' id='word_1_186' title='bbox 611 2838 699 2913; x_wconf 82' lang='lat' dir='ltr'>igitur</span> <span class='ocrx_word' id='word_1_187' title='bbox 718 2839 775 2896; x_wconf 83' lang='lat' dir='ltr'>hoo</span> <span class='ocrx_word' id='word_1_188' title='bbox 790 2843 915 2905; x_wconf 85' lang='lat' dir='ltr'>eonetat,</span> <span class='ocrx_word' id='word_1_189' title='bbox 929 2855 985 2896; x_wconf 86' lang='lat' dir='ltr'>nee</span> <span class='ocrx_word' id='word_1_190' title='bbox 999 2839 1102 2896; x_wconf 73' lang='lat' dir='ltr'>doctor</span> 
     </span>
     <span class='ocr_line' id='line_1_26' title="bbox 228 2937 1102 3006; baseline -0.003 -9"><span class='ocrx_word' id='word_1_191' title='bbox 228 2940 361 2998; x_wconf 77' lang='lat' dir='ltr'>hominen</span> <span class='ocrx_word' id='word_1_192' title='bbox 374 2942 476 3004; x_wconf 81' lang='lat' dir='ltr'>solum,</span> <span class='ocrx_word' id='word_1_193' title='bbox 490 2940 542 2996; x_wconf 82' lang='lat' dir='ltr'>aed</span> <span class='ocrx_word' id='word_1_194' title='bbox 556 2937 646 2994; x_wconf 87' lang='lat' dir='ltr'>etiam</span> <span class='ocrx_word' id='word_1_195' title='bbox 660 2938 805 3006; x_wconf 84' lang='lat' dir='ltr'>iudootoe,</span> <span class='ocrx_word' id='word_1_196' title='bbox 828 2937 955 2996; x_wconf 82' lang='lat' dir='ltr'>virorum</span> <span class='ocrx_word' id='word_1_197' title='bbox 969 2955 1034 2994; x_wconf 81' lang='lat' dir='ltr'>ease</span> <span class='ocrx_word' id='word_1_198' title='bbox 1048 2939 1102 2994; x_wconf 91' lang='lat' dir='ltr'>lor·</span> 
     </span>
     <span class='ocr_line' id='line_1_27' title="bbox 230 3036 1101 3110; baseline 0 -14"><span class='ocrx_word' id='word_1_199' title='bbox 230 3038 311 3106; x_wconf 77' lang='lat' dir='ltr'>tium,</span> <span class='ocrx_word' id='word_1_200' title='bbox 335 3044 366 3094; x_wconf 87' lang='lat' dir='ltr'>et</span> <span class='ocrx_word' id='word_1_201' title='bbox 387 3037 646 3110; x_wconf 84' lang='lat' dir='ltr'>magnanimorum,</span> <span class='ocrx_word' id='word_1_202' title='bbox 660 3041 690 3093; x_wconf 89' lang='lat' dir='ltr'>et</span> <span class='ocrx_word' id='word_1_203' title='bbox 715 3036 898 3108; x_wconf 87' lang='lat' dir='ltr'>patientium,</span> <span class='ocrx_word' id='word_1_204' title='bbox 919 3041 950 3094; x_wconf 88' lang='lat' dir='ltr'>et</span> <span class='ocrx_word' id='word_1_205' title='bbox 973 3038 1101 3096; x_wconf 85' lang='lat' dir='ltr'>humana</span> 
     </span>
    </p>
   </div>
   <div class='ocr_carea' id='block_1_5' title="bbox 198 3197 1104 3518">
    <p class='ocr_par' dir='ltr' id='par_1_6' title="bbox 227 3197 1101 3368">
     <span class='ocr_line' id='line_1_28' title="bbox 258 3197 1101 3268; baseline -0.001 -21"><span class='ocrx_word' id='word_1_206' title='bbox 258 3203 281 3236; x_wconf 78' lang='lat'>&#39;¹⁰</span> <span class='ocrx_word' id='word_1_207' title='bbox 302 3215 344 3248; x_wconf 81' lang='lat' dir='ltr'>nec</span> <span class='ocrx_word' id='word_1_208' title='bbox 358 3199 388 3246; x_wconf 84' lang='lat' dir='ltr'>ud</span> <span class='ocrx_word' id='word_1_209' title='bbox 404 3212 481 3268; x_wconf 64' lang='lat' dir='ltr'>reniae</span> <span class='ocrx_word' id='word_1_210' title='bbox 496 3197 698 3260; x_wconf 70' lang='lat' dir='ltr'>permanentiam]</span> <span class='ocrx_word' id='word_1_211' title='bbox 735 3198 779 3246; x_wconf 80' lang='lat' dir='ltr'>lid.</span> <span class='ocrx_word' id='word_1_212' title='bbox 791 3204 835 3246; x_wconf 84' lang='lat' dir='ltr'>vet.</span> <span class='ocrx_word' id='word_1_213' title='bbox 847 3200 917 3246; x_wconf 88' lang='lat' dir='ltr'>habet</span> <span class='ocrx_word' id='word_1_214' title='bbox 930 3199 1101 3256; x_wconf 73' lang='lat' dir='ltr'>pertinentibus,</span> 
     </span>
     <span class='ocr_line' id='line_1_29' title="bbox 227 3258 1101 3368; baseline -0.002 -60"><span class='ocrx_word' id='word_1_215' title='bbox 227 3262 336 3368; x_wconf 41' lang='lat' dir='ltr'>aaut&amp;</span> <span class='ocrx_word' id='word_1_216' title='bbox 343 3260 410 3366; x_wconf 44' lang='lat' dir='ltr'>pauiu·</span> <span class='ocrx_word' id='word_1_217' title='bbox 420 3259 483 3304; x_wconf 71' lang='lat' dir='ltr'>verbi</span> <span class='ocrx_word' id='word_1_218' title='bbox 494 3272 566 3304; x_wconf 82' lang='lat' dir='ltr'>eeuau.</span> <span class='ocrx_word' id='word_1_219' title='bbox 598 3258 643 3304; x_wconf 81' lang='lat' dir='ltr'>Sed</span> <span class='ocrx_word' id='word_1_220' title='bbox 654 3259 767 3318; x_wconf 74' lang='lat' dir='ltr'>vulgatum</span> <span class='ocrx_word' id='word_1_221' title='bbox 777 3274 820 3306; x_wconf 90' lang='lat' dir='ltr'>nou</span> <span class='ocrx_word' id='word_1_222' title='bbox 835 3260 908 3307; x_wconf 79' lang='lat' dir='ltr'>minut</span> <span class='ocrx_word' id='word_1_223' title='bbox 921 3261 1012 3318; x_wconf 72' lang='lat' dir='ltr'>elegam</span> <span class='ocrx_word' id='word_1_224' title='bbox 1030 3265 1055 3305; x_wconf 86' lang='lat' dir='ltr'>et</span> <span class='ocrx_word' id='word_1_225' title='bbox 1064 3273 1101 3306; x_wconf 86' lang='lat' dir='ltr'>ex·</span> 
     </span>
    </p>

    <p class='ocr_par' dir='ltr' id='par_1_7' title="bbox 198 3335 1104 3518">
     <span class='ocr_line' id='line_1_30' title="bbox 198 3335 1102 3502; baseline 0 -58"><span class='ocrx_word' id='word_1_226' title='bbox 198 3379 200 3384; x_wconf 68' lang='lat'>,</span> <span class='ocrx_word' id='word_1_227' title='bbox 228 3335 393 3455; x_wconf 71' lang='lat' dir='ltr'>qllfotrurpaa</span> <span class='ocrx_word' id='word_1_228' title='bbox 412 3396 460 3454; x_wconf 65' lang='lat' dir='ltr'>epus</span> <span class='ocrx_word' id='word_1_229' title='bbox 470 3395 559 3467; x_wconf 31' lang='lat' dir='ltr'>‘uidone</span> <span class='ocrx_word' id='word_1_230' title='bbox 569 3411 585 3442; x_wconf 86' lang='lat' dir='ltr'>e.</span> <span class='ocrx_word' id='word_1_231' title='bbox 603 3410 620 3443; x_wconf 86' lang='lat' dir='ltr'>r.</span> <span class='ocrx_word' id='word_1_232' title='bbox 633 3397 733 3466; x_wconf 60' lang='lat' dir='ltr'>moneri]</span> <span class='ocrx_word' id='word_1_233' title='bbox 766 3397 814 3444; x_wconf 84' lang='lat' dir='ltr'>Me.</span> <span class='ocrx_word' id='word_1_234' title='bbox 836 3398 901 3445; x_wconf 80' lang='lat' dir='ltr'>Leid.</span> <span class='ocrx_word' id='word_1_235' title='bbox 912 3398 1025 3458; x_wconf 72' lang='lat' dir='ltr'>fultaque,</span> <span class='ocrx_word' id='word_1_236' title='bbox 1041 3395 1102 3502; x_wconf 41' lang='lat' dir='ltr'>puori</span> 
     </span>
     <span class='ocr_line' id='line_1_31' title="bbox 228 3456 1104 3518; baseline 0.002 -16"><span class='ocrx_word' id='word_1_237' title='bbox 228 3473 305 3504; x_wconf 86' lang='lat' dir='ltr'>verum</span> <span class='ocrx_word' id='word_1_238' title='bbox 315 3463 378 3516; x_wconf 86' lang='lat' dir='ltr'>putat</span> <span class='ocrx_word' id='word_1_239' title='bbox 394 3456 509 3502; x_wconf 81' lang='lat' dir='ltr'>Bulrerrus.</span> <span class='ocrx_word' id='word_1_240' title='bbox 521 3470 565 3502; x_wconf 90' lang='lat' dir='ltr'>nou</span> <span class='ocrx_word' id='word_1_241' title='bbox 574 3471 624 3515; x_wconf 80' lang='lat' dir='ltr'>ego.</span> <span class='ocrx_word' id='word_1_242' title='bbox 636 3472 687 3502; x_wconf 79' lang='lat' dir='ltr'>rnox</span> <span class='ocrx_word' id='word_1_243' title='bbox 697 3471 745 3516; x_wconf 72' lang='lat' dir='ltr'>pur</span> <span class='ocrx_word' id='word_1_244' title='bbox 756 3463 806 3516; x_wconf 79' lang='lat' dir='ltr'>port</span> <span class='ocrx_word' id='word_1_245' title='bbox 816 3459 954 3516; x_wconf 65' lang='lat' dir='ltr'>dolerenam</span> <span class='ocrx_word' id='word_1_246' title='bbox 964 3473 1008 3518; x_wconf 89' lang='lat' dir='ltr'>quo</span> <span class='ocrx_word' id='word_1_247' title='bbox 1018 3472 1042 3503; x_wconf 86' lang='lat' dir='ltr'>re</span> <span class='ocrx_word' id='word_1_248' title='bbox 1051 3471 1104 3504; x_wconf 84' lang='lat' dir='ltr'>ere.-</span> 
     </span>
    </p>
   </div>
   <div class='ocr_carea' id='block_1_6' title="bbox 229 3514 1101 3634">
    <p class='ocr_par' dir='ltr' id='par_1_8' title="bbox 229 3514 1101 3634">
     <span class='ocr_line' id='line_1_32' title="bbox 229 3514 1101 3634; baseline 0.003 -72"><span class='ocrx_word' id='word_1_249' title='bbox 229 3521 337 3634; x_wconf 47' lang='lat' dir='ltr'>{virtum</span> <span class='ocrx_word' id='word_1_250' title='bbox 350 3514 489 3565; x_wconf 70' lang='lat' dir='ltr'>habenulam</span> <span class='ocrx_word' id='word_1_251' title='bbox 507 3529 579 3574; x_wconf 71' lang='lat' dir='ltr'>nermo</span> <span class='ocrx_word' id='word_1_252' title='bbox 587 3521 623 3564; x_wconf 83' lang='lat' dir='ltr'>eat</span> <span class='ocrx_word' id='word_1_253' title='bbox 632 3517 661 3564; x_wconf 86' lang='lat' dir='ltr'>de</span> <span class='ocrx_word' id='word_1_254' title='bbox 671 3519 774 3565; x_wconf 83' lang='lat' dir='ltr'>uuiverro</span> <span class='ocrx_word' id='word_1_255' title='bbox 789 3517 875 3579; x_wconf 81' lang='lat' dir='ltr'>dolore,</span> <span class='ocrx_word' id='word_1_256' title='bbox 886 3516 963 3584; x_wconf 78' lang='lat' dir='ltr'>itaque</span> <span class='ocrx_word' id='word_1_257' title='bbox 980 3517 1101 3566; x_wconf 74' lang='lat' dir='ltr'>delendum</span> 
     </span>
    </p>
   </div>
   <div class='ocr_carea' id='block_1_7' title="bbox 0 0 1280 4208">
    <p class='ocr_par' dir='ltr' id='par_1_9' title="bbox 0 0 1280 4208">
     <span class='ocr_line' id='line_1_33' title="bbox 0 0 1280 4208; baseline 0 2"><span class='ocrx_word' id='word_1_258' title='bbox 0 0 1280 4208; x_wconf 95' lang='lat' dir='ltr'> </span> 
     </span>
    </p>
   </div>
  </div>
 </body>
</html>
