2558 4198
501 287 747 340 ursunrsrnus.
985 285 1056 350 sen

186 447 306 521 possunt
316 460 381 502 esse
393 439 487 500 ”sine
507 457 594 500 sensu
609 445 640 498 et
652 444 741 510 motu,
754 455 806 501 cur
813 453 904 517 squas
914 439 1059 518 sdjunxit,

185 547 211 603 si
225 547 287 618 ipso
301 561 385 602 mene
398 547 534 600 constare
549 545 645 614 potest
659 557 769 598 rucene
782 540 926 616 corpore?
956 545 1058 602 Anax·

182 642 309 702 imsndri
324 649 423 699 nutem
445 639 545 713 opinio
565 643 619 708 est,
640 638 759 697 nativos
778 657 842 700 esse
862 642 942 710 deos,
963 641 1059 718 longis

184 742 350 801 intervsiiis
363 741 500 808 orientes,
514 738 752 813 occidentesque,
771 756 879 814 eosque
896 739 1058 800 innumero·

185 843 261 900 biles
275 859 339 898 esse
353 841 483 898 mundos.
517 839 578 898 Sed
592 855 645 896 uos
659 839 755 908 deum,
768 837 827 896 nisi
840 839 1059 913 sempiternum,

186 939 351 1014 intelligere
373 941 422 1015 qni
447 935 624 1012 possumus?
659 938 730 996 Post
759 937 964 996 Anaximenes
988 937 1059 998 siira

186 1041 273 1099 deum
287 1040 395 1106 statuit,
415 1056 537 1114 eumque
562 1037 654 1114 gigni,
680 1055 801 1112 esseque
823 1037 1008 1106 immensum,
1028 1041 1061 1096 ei

186 1139 343 1206 infinitum,
355 1145 384 1196 et
398 1156 512 1212 semper
524 1140 556 1196 in
571 1145 668 1196 motu:
688 1136 771 1212 quusi
786 1141 835 1194 eut
849 1135 900 1194 aiis
914 1136 978 1194 eine
999 1139 1059 1195 ulls

186 1240 278 1296 forms
303 1240 375 1296 deus
395 1253 460 1294 esse
482 1237 581 1311 possit,
601 1253 670 1295 cum
693 1235 863 1310 praesertim
887 1238 974 1293 deum
998 1254 1058 1296 uon

186 1341 273 1398 modo
287 1338 394 1412 utiquc,
407 1337 459 1393 sed
473 1336 646 1409 pulcerrima
660 1336 760 1408 specie
775 1353 839 1392 esee
853 1335 977 1393 decent:
1008 1338 1060 1394 unt

186 1455 245 1495 nou
260 1455 357 1505 omne,
380 1433 484 1510 ⁴³spssod
499 1435 652 1502 onumen,
677 1434 836 1493 mortalitas
856 1439 1056 1508 consequntur.

187 1537 262 1595 Inde
280 1539 482 1607 Anaxagoras,
495 1533 544 1606 qui
568 1533 685 1605 occepit
706 1535 743 1589 ob
766 1534 955 1590 Anaximene
972 1532 1058 1589 disci·
1071 1522 1108 1580 ll

188 1637 310 1712 plinam,
334 1633 441 1708 primus
466 1629 488 1662 ⁴⁴
501 1630 631 1690 omnium
652 1646 747 1688 rerum
771 1631 1009 1704 descriptionem,
1029 1635 1060 1689 et

189 1787 242 1832 runt
252 1783 294 1830 viri
305 1781 375 1838 docti,
395 1779 500 1827 vitiosum
518 1778 591 1826 locum
605 1773 739 1836 judicantes,
750 1783 776 1824 nt
791 1781 814 1825 et
834 1776 950 1832 Buherius,
965 1776 1062 1839 quisine

186 1843 250 1890 libris
264 1842 305 1889 scri
323 1841 351 1886 tis
370 1839 441 1897 corrgi
460 1854 524 1900 posse
541 1837 637 1894 negarit.
680 1839 754 1884 Causa
772 1838 815 1884 suit
834 1838 855 1884 in
874 1841 975 1899 ignorato
992 1837 1060 1883 modo

187 1902 293 1963 loquendi
304 1858 459 1954 giceroniano,
471 1899 494 1944 iu
510 1898 624 1944 nectendis
642 1897 811 1944 conditionibus.
844 1897 917 1943 Locrus
932 1911 997 1942 sanus
1016 1900 1060 1953 est,

204 1959 279 2008 rietes
288 1975 354 2032 quern
366 1959 387 2005 iu
397 1973 440 2005 nno
447 1956 524 2003 verbo.
559 1958 647 2016 Nempe
655 1956 741 2008 Cicero,
752 1972 801 2002 crrm
812 1957 897 2002 duobus
907 1957 1058 2002 antecedenti·

187 1977 235 2074 Eus
252 2027 277 2066 nt
295 2035 317 2066 rn
337 2019 419 2065 scholis
436 2018 564 2078 loquuntur,
582 2016 660 2063 utitur.
678 2029 813 2075 consequens
828 2016 937 2060 interdum
956 2015 1015 2060 inter
1029 2029 1059 2060 eo

187 2081 285 2128 medium
297 2079 366 2140 ponit.
386 2085 410 2124 ut
427 2078 449 2125 h.
463 2077 478 2122 Ι,
499 2091 548 2122 enur
568 2089 615 2120 esse
633 2075 736 2130 debebat,
756 2076 775 2119 si
790 2074 836 2121 Dii
849 2079 939 2131 possunt
953 2087 996 2119 esse
1010 2074 1059 2122 sins

187 2155 253 2188 senisu
262 2155 288 2185 oc
297 2143 357 2186 motu
367 2142 387 2184 et
396 2138 442 2195 ipsu
452 2150 513 2183 meets
531 2139 629 2182 consuere
641 2139 708 2190 potest
717 2149 796 2180 nucum
813 2148 899 2190 empore
903 2149 914 2190 ,·
938 2148 980 2179 eser
988 2147 1060 2192 opusc

187 2199 312 2258 udinnm't?
328 2197 462 2246 sc.,'i'hsles.
489 2194 575 2241 Similia
586 2195 635 2240 toea
646 2199 696 2240 sunt
706 2208 747 2254 pro
759 2193 847 2240 Milone
857 2209 876 2238 c.
892 2196 928 2238 25.
954 2191 980 2238 Si
990 2191 1058 2238 Milo·
1102 2225 1104 2228 -

186 2273 238 2305 nem
259 2260 320 2304 times
336 2283 344 2292 ·
360 2283 368 2292 ·
383 2259 468 2301 omn
487 2257 524 2300 est.
556 2255 624 2300 'suec
638 2253 668 2306 V,
688 2257 710 2298 9.
743 2251 865 2298 Numerum
875 2251 991 2305 statuisset,
1010 2265 1058 2298 uer·

187 2319 239 2364 beru
259 2320 366 2362 tormento
382 2327 531 2372 --mogsmm
550 2313 596 2357 eim
615 2312 717 2357 iutere-
738 2325 807 2358 -sum
826 2315 857 2357 est
874 2323 944 2357 susus
963 2311 1018 2356 eluto
1038 2314 1060 2356 et

187 2377 259 2432 ample
269 2375 336 2434 boni,
347 2387 397 2420 cum
405 2371 521 2418 humiliter
530 2371 664 2429 demisseque
674 2369 770 2416 sentiret.

220 2455 243 2487 ⁴²
258 2453 305 2499 sisse
319 2465 419 2497 somnos
429 2449 498 2509 motu]
518 2453 578 2494 motu
594 2449 655 2493 edidi
674 2463 715 2508 pro
731 2447 823 2505 mrigeto
841 2454 929 2506 merste,·
948 2455 973 2496 ut
992 2453 1016 2495 et
1034 2447 1059 2497 in

189 2517 287 2560 mentem
304 2510 365 2554 venit
378 2506 482 2556 Bntrerio.
493 2507 531 2577 spui
542 2515 617 2552 tumen
628 2523 670 2552 non
682 2506 768 2566 probat.
802 2507 909 2563 Epicurei
922 2508 987 2566 Deos,
999 2523 1059 2555 meu-

192 2579 225 2618 teu
242 2585 269 2616 ue
279 2571 385 2614 humanus
394 2582 421 2611 es
431 2573 523 2611 metens
539 2573 641 2611 constare
650 2566 748 2616 dicebat.
757 2571 780 2610 et
790 2579 876 2611 sonsum
887 2579 934 2611 esse
944 2580 971 2612 ex
982 2573 1042 2613 motu
1051 2585 1057 2612 r

192 2587 252 2678 uncie
261 2627 363 2684 κωφή
372 2631 442 2672 scotus
451 2625 509 2686 apud
520 2624 646 2670 Lucretium
659 2625 699 2680 ΙΙΙ,
708 2628 757 2672 nto.
769 2625 845 2684 itaque
854 2630 879 2669 et
889 2640 902 2670 s
912 2625 1002 2682 Velleio
1012 2641 1059 2672 sesr-

127 2685 138 2697 “
190 2705 227 2738 sm
236 2691 332 2734 etmotsss
339 2687 467 2744 junguntur.
479 2691 502 2730 et
510 2684 565 2730 intra
575 2699 595 2730 c.
609 2687 642 2731 ΙΙ.
654 2689 723 2730 motus
734 2685 810 2730 sensui
813 2683 910 2742 junctus
919 2687 939 2730 et
947 2685 1060 2732 condricus

189 2749 278 2796 dicitnr.
299 2747 324 2793 lu
345 2745 514 2816 reprehensione
530 2749 606 2790 autern
627 2743 734 2800 Plutonis,
744 2744 834 2798 diserte,
853 2742 943 2789 subiato
957 2757 1058 2805 corpore,

190 2809 241 2856 tolli
258 2821 333 2854 sensns
351 2804 414 2858 dreit,
438 2819 457 2850 c.
477 2807 510 2850 13.
553 2803 669 2850 Sententia
694 2802 761 2860 igitur
781 2801 824 2847 loci
850 2801 914 2858 hujus
932 2807 966 2848 est
986 2803 1057 2850 haec:

189 2868 257 2916 Mate
276 2866 328 2912 ierit
344 2863 436 2917 Thales,
455 2877 504 2908 rum
525 2861 595 2908 menti
614 2862 712 2917 divione,
731 2861 796 2922 eique
816 2860 960 2921 incorporeae
977 2876 1059 2924 aquarn

189 2927 303 2986 adjungit:
320 2937 386 2984 quern
401 2921 441 2967 itta
461 2921 543 2967 sentire
561 2933 604 2966 non
624 2924 704 2980 potest,
723 2920 775 3023 puis
791 2919 885 2965 estsine
901 2925 970 2977 nrotu,
988 2921 1059 2982 quiin

189 2985 260 3031 solum
271 2997 310 3028 cor
326 2980 427 3028 useadit.
447 2984 517 3026 mente
534 2981 609 3025 nrrtern
629 2981 698 3038 plone
714 2979 810 3024 nienuni
829 2993 876 3024 esse
888 2979 938 3025 hinc
955 2985 1058 3040 sppnret,

188 3044 248 3102 quod
259 2998 401 3094 neci'hsles,
420 3038 591 3100 necquicquam
609 3037 696 3093 statuit,
715 3037 776 3084 Deos
786 3051 833 3084 esse
852 3038 899 3084 siue
918 3043 998 3086 mente.
1011 3039 1060 3088 sius

190 3114 284 3163 corpore
294 3113 342 3146 esse
352 3098 440 3160 quidam
451 3097 561 3154 dicebant,
573 3104 598 3145 nt
608 3098 700 3153 Thsies,
712 3111 755 3144 nou
772 3096 819 3144 sine
828 3105 908 3144 mente.

220 3181 243 3213 ⁴³
255 3179 313 3238 qssod
325 3183 400 3224 ortum
416 3177 452 3229 sit,
462 3178 584 3223 mortalitas
601 3177 754 3238 monspisatus]
779 3175 802 3222 in
820 3191 848 3222 eo
863 3178 921 3238 quod
932 3179 1005 3222 ortnrn
1016 3181 1059 3234 est,

188 3245 270 3290 ustura
279 3239 336 3284 inest
346 3251 412 3283 causa
431 3237 516 3307 mortis,
533 3251 591 3298 quae
600 3237 658 3284 adeo
675 3236 799 3284 uermsario
818 3237 973 3298 consequitur:
999 3241 1025 3283 nt
1035 3236 1059 3284 id

189 3306 304 3348 oeternum
314 3311 414 3344 essenon
424 3303 500 3358 possit.

220 3381 241 3412 ⁴⁴
255 3379 356 3426 onmium
376 3391 455 3424 rernm
474 3375 639 3433 nemptonum
659 3381 679 3422 et
695 3376 803 3435 modum]
846 3373 883 3420 Sic
901 3373 953 3419 iibri
973 3387 1057 3422 omnes.

190 3438 257 3500 idque
275 3437 370 3496 intelligi
390 3441 464 3498 potest
480 3438 509 3481 de
518 3450 553 3492 ec,
570 3437 629 3497 quod
640 3434 680 3481 ille
698 3435 761 3483 dixit.
781 3439 850 3479 ntest
866 3447 901 3492 sp.
915 3431 1017 3494 Xenoph.
1035 3435 1059 3483 in

192 3497 265 3544 Mem.
278 3500 339 3544 Socr.
362 3497 379 3543 Ι.
391 3501 411 3544 Ι.
445 3495 518 3542 Deum
538 3509 566 3540 eo
580 3496 659 3540 ordine
678 3509 706 3540 ac
725 3495 792 3540 modo
812 3491 888 3537 iecisse
905 3494 1017 3548 mrrrdum,
1032 3502 1059 3541 ut

192 3557 272 3610 metior
280 3571 324 3606 uon
333 3561 409 3619 posset
427 3551 527 3616 eon'tsri.
560 3553 670 3615 Atqueiu
687 3552 774 3614 eoipso
783 3550 880 3614 intelligi
894 3557 969 3615 potest
985 3559 1059 3602 motus
