2558 4198
278 327 341 390 aaa
544 283 906 372 oaumuas'uaoauu

266 469 384 545 ¹togatis
412 470 544 528 omnibus
571 471 635 528 sine
669 469 758 528 dublo
788 469 952 538 anteferret,
980 475 1011 531 et
1038 487 1147 545 paucus

276 575 375 629 tecum
389 569 548 643 Epicureos
562 587 579 625 e
594 569 721 627 Graecia
734 575 926 642 compararet.
939 570 1002 637 sed,
1022 571 1098 645 quod
1109 573 1147 628 ab

276 679 314 726 'eo
338 674 368 726 te
393 669 515 727 mirifice
539 668 623 742 diligi
649 668 862 742 intelligebam,
885 669 1044 727 arbitrabar
1064 670 1148 728 lllum

275 773 393 842 propter
417 767 647 825 benivolentiam
671 767 702 824 id
722 767 837 824 uberius
864 767 973 824 dicere.
1014 768 1079 843 Ego
1099 785 1148 828 au·

266 873 347 933 rtem,
361 867 417 924 etsi
443 885 546 924 vereor
567 868 683 924 laudare
705 873 897 938 praesentem,
911 867 1016 940 judico
1037 873 1144 936 tamen,

275 965 313 1023 de
334 983 365 1022 re
379 969 500 1024 obscura
520 964 637 1040 ⁸‘'utque
658 965 831 1023 difficillima
852 983 869 1022 a
893 971 923 1022 le
947 967 1057 1024 dictum
1081 985 1144 1024 essa

275 1064 421 1122 dilucide:
443 1083 536 1141 neque
558 1065 711 1122 sententiis
732 1066 824 1123 solum
838 1064 966 1138 copiose,
981 1067 1031 1124 sed
1048 1067 1144 1123 uerbis

276 1163 366 1220 etiam
379 1163 516 1231 ornatius,
530 1181 616 1236 quam
628 1167 723 1222 solent
739 1163 837 1221 vestri.
880 1163 1045 1232 Zenonem,
1057 1181 1143 1238 quem

278 1260 370 1320 Philo
403 1268 502 1320 noster
532 1263 728 1335 coryphaeum
762 1265 910 1336 appellare
941 1263 1149 1335 Epicureorum

208 1398 210 1402 .
275 1359 397 1426 solebat,
417 1378 484 1418 cum
513 1361 640 1418 Athenis
660 1378 763 1426 essem,
787 1361 939 1418 audiebam
966 1360 1141 1435 frequenter,

198 1495 200 1498 -
273 1459 438 1533 etquidem
462 1459 525 1531 ipso
549 1464 667 1516 auctore
691 1459 833 1516 Philone:
855 1459 950 1525 credo,
975 1464 1005 1514 ul
1026 1457 1142 1516 facilius

149 1592 154 1602 ·
268 1557 443 1633 judicarem,
457 1575 542 1631 quam
555 1557 608 1615 illa
628 1560 703 1616 bene
724 1558 932 1623 refellerentur,
955 1575 1021 1614 cum
1038 1557 1145 1629 apriu-

273 1656 340 1729 cipe
355 1655 566 1730 Epicureorum
586 1657 777 1730 accepissem,
801 1657 1043 1730 quemadmodum
1065 1657 1145 1714 dice·

273 1759 380 1812 rentur.
421 1757 490 1813 Nou
512 1756 600 1831 igilur
618 1755 678 1824 ille,
692 1761 723 1812 ut
744 1756 882 1830 plerique,
905 1749 956 1811 sed
978 1754 1035 1812 isto
1048 1755 1143 1822 modo,

273 1857 305 1910 ut
319 1860 359 1922 tu,
381 1854 530 1922 distincte,
550 1855 686 1929 graviter,
710 1859 821 1912 ornate.
864 1855 923 1912 Sed
944 1855 1019 1928 quod
1039 1854 1069 1909 in
1086 1853 1138 1909 illo

274 1952 347 2010 mihi
361 1971 411 2010 usu
430 1972 518 2026 saepe
534 1955 626 2020 veuit,
649 1955 728 2012 idem
750 1955 846 2022 modo,
868 1971 935 2012 cum
961 1959 989 2010 te
1004 1953 1144 2020 audirem,

273 2047 471 2118 ”accidebah
502 2056 534 2108 ul
565 2055 686 2109 moleste
703 2053 826 2120 ¹l'errern,
853 2058 965 2110 tautum
994 2050 1144 2124 ingenium

220 2183 224 2196 .
274 2145 364 2228 (bona
379 2150 467 2206 venia
489 2167 535 2208 me
554 2149 668 2228 audies)
692 2151 723 2209 iu
746 2157 806 2210 tam
829 2155 921 2218 leves,
941 2169 978 2208 ne
1001 2149 1097 2206 dicam
1111 2149 1144 2207 iu

275 2253 333 2305 lam
361 2247 485 2320 ineptas,
512 2249 674 2306 sententias
698 2249 847 2308 incidisse.
888 2251 956 2307 Nec
984 2267 1039 2322 ego
1064 2265 1144 2307 nunc

199 2393 200 2397 ,
274 2346 338 2420 ipse
353 2347 461 2422 aliquid
477 2348 593 2407 afferam
608 2347 721 2406 melios.
737 2353 768 2406 ul
778 2349 861 2406 enim
873 2347 1039 2415 mododixi,
1053 2350 1145 2406 omui·

273 2447 326 2504 bus
341 2448 400 2504 l'ere
414 2447 445 2506 iu
460 2449 553 2516 rebus,
578 2454 608 2505 et
631 2448 759 2506 maxime
781 2447 974 2522 inphysicis,
999 2448 1066 2521 quid
1082 2465 1144 2507 non

220 2543 321 2626 musii,
335 2547 431 2614 cilius,
444 2548 613 2622 quamquid
628 2548 675 2614 sil,
699 2547 833 2604 dixerim.
875 2547 973 2620 Rogas
995 2563 1050 2612 me,
1064 2548 1143 2622 quid,

273 2651 323 2704 aut
336 2649 421 2720 quale
438 2647 475 2702 sit
495 2649 584 2714 deas3
605 2652 722 2703 auclore
748 2651 812 2702 utar
836 2646 1006 2703 Simonide:
1035 2649 1145 2721 dequo

272 2761 340 2803 cam
354 2744 547 2818 quaesivisset
561 2745 616 2802 hoc
630 2746 707 2802 idem
724 2749 863 2818 tyrannus
879 2745 980 2811 Hiero,
999 2743 1020 2776 ⁸⁷
1033 2746 1143 2804 delibe-

272 2843 356 2902 randi
374 2843 432 2901 sibi
457 2861 545 2901 unum
568 2844 646 2902 diem
668 2843 835 2916 postulavit.
857 2845 1022 2901 cumidem
1047 2863 1086 2900 ex
1105 2861 1144 2902 eo

271 2945 412 3020 postridie
429 2951 588 3018 quaereret,
602 2945 718 3001 biduum
734 2943 849 3016 petivit.
872 2961 938 3000 cum
955 2943 1071 3016 saepius
1093 2944 1144 3001 du·

271 3045 396 3120 plicaret
410 3061 560 3100 numerum
585 3043 705 3108 dierum,
719 3042 921 3118 admiransque
937 3042 1028 3100 Hiero
1052 3042 1145 3118 requi·

302 3198 324 3232 ⁸⁵
337 3203 401 3257 atque
411 3197 563 3258 difficillima]
595 3195 772 3245 sirmatibus.
790 3197 869 3244 etalii
885 3212 920 3258 ap.
942 3197 1020 3244 Daris.
1037 3211 1079 3257 pro
1095 3195 1144 3242 vul·

272 3256 429 3318 flatodqffirilr'„
518 3282 524 3292 ι

302 3337 323 3368 ⁰⁶
337 3336 468 3395 reddebat]
500 3335 537 3381 Sic
556 3335 601 3382 Ms.
614 3335 637 3381 in
653 3351 722 3396 marg.
748 3337 784 3383 ed.
803 3336 881 3384 lamb.
900 3337 959 3398 quod
978 3351 1021 3382 non
1040 3333 1145 3382 dubitavi

271 3395 366 3452 vulgato
375 3395 492 3449 acciderat,
502 3395 620 3468 praeferre.

302 3472 325 3504 ⁸⁷
339 3457 480 3520 deliberandi
488 3487 554 3520 caure
563 3473 606 3520 ribi
619 3489 693 3522 anum
703 3475 763 3521 diem
768 3475 831 3534 port]
850 3489 916 3522 rausa
926 3475 1000 3521 delevi
1011 3489 1059 3522 cum
1072 3471 1146 3518 Dari·

270 3529 313 3582 elo,
323 3532 360 3590 qai
371 3532 392 3580 iu
410 3531 508 3594 pluribus
525 3533 583 3582 Mas.
601 3548 646 3582 uon
662 3535 759 3598 reperit:
778 3533 841 3586 aber
857 3539 882 3582 et
898 3549 913 3582 a
928 3534 1003 3584 Guell.
1022 3537 1046 3581 et
1060 3532 1087 3583 ia
1100 3531 1145 3580 has

271 3587 343 3636 torma
352 3589 407 3638 alibi
417 3605 461 3640 nou
471 3590 568 3640 additur.
919 3610 924 3618 ·
