2552 4208
230 263 317 374 tos*
479 305 612 358 rusum
633 305 876 368 oosmrmaurr

257 453 528 512 menstruatarum.
559 454 640 502 Altera
651 458 726 502 autem
743 453 810 512 ratio,
820 469 878 518 quae
895 451 961 504 simul
970 454 1098 518 opintm

189 570 191 580 .
257 533 357 580 buniam
368 532 678 596 mulitolliaeateaquidem
697 536 783 592 utilior,
801 537 839 582 sed
851 550 902 581 raro
915 536 1008 596 proficit.
1025 551 1098 599 oeque

257 614 330 660 estad
341 613 557 671 vulgrasadlribands.
589 615 632 661 aa
641 615 718 666 stiam.
729 615 767 662 ubi
778 615 878 661 adhiberi
887 615 955 678 plane
962 630 1006 662 oon
1014 617 1098 675 potest,

256 694 316 754 quod
327 708 369 747 res,
377 707 435 755 quae
444 693 561 755 perturbat
571 694 676 750 animum,
683 709 737 742 vera
743 703 777 741 est
787 695 890 742 bonam
900 695 966 751 mala,
973 701 1096 756 tamquam,

255 771 275 820 ui
284 772 334 836 quis
344 775 484 832 aegrescunt,
494 775 549 822 nibil
563 775 586 822 iu
601 790 625 821 se
632 790 682 822 esse
692 775 787 829 virtulir.
804 775 859 822 nihil
870 775 946 830 animi,
957 775 1013 823 nihil
1023 773 1096 834 offistl,

254 850 312 898 nibil
323 853 452 900 honestatis.
463 870 482 901 c.
493 857 528 902 21.
541 857 577 902 28.
609 853 707 916 Reliqua
718 855 848 916 disputatio,
863 855 975 917 quomodo
990 859 1096 917 quattuor

254 927 297 976 isla
306 947 388 991 genera
399 933 499 980 tollenda
514 933 566 991 sint,
575 934 649 980 doust.

195 1067 210 1128 1
225 1050 302 1130 Cras
318 1076 414 1133 mullis
435 1075 508 1134 locis
529 1080 687 1132 nostrorum
702 1073 851 1134 bominum
865 1073 993 1149 ingenia,
1005 1074 1093 1134 virtu·

222 1180 331 1248 terque,
346 1179 445 1246 Brute,
459 1181 540 1236 solco
554 1179 659 1245 mirari,
679 1183 740 1235 tum
762 1177 890 1235 maxime
917 1177 963 1234 llis
984 1176 1014 1234 iu
1035 1183 1092 1234 stu·

221 1275 288 1342 diis,
302 1275 394 1350 ¹quae
405 1295 470 1334 sero
484 1279 636 1334 admodum
651 1276 790 1350 expetita,
803 1276 833 1334 iu
848 1280 924 1336 hanc
938 1275 1092 1334 civitatem

221 1392 239 1432 e
254 1375 379 1433 Graecia
400 1379 615 1434 transtulerunt.
631 1393 697 1432 nam
712 1393 777 1434 oum
792 1392 809 1432 a
823 1376 915 1449 primo
926 1374 1002 1432 urbis
1016 1377 1090 1442 unu,

220 1473 309 1548 regiis
323 1475 472 1542 institutis,
496 1475 601 1549 partim
615 1475 704 1534 stiam
728 1475 849 1550 legibus,
870 1475 1010 1549 auspicia,
1024 1491 1090 1532 uas·

218 1577 378 1640 semoniae,
392 1574 521 1642 comitia,
541 1575 776 1648 provocationes,
800 1582 911 1648 patrum
925 1575 1090 1642 consilium.

220 1673 349 1744 equitum
381 1674 566 1749 peditumque
593 1675 760 1748 descriptio,
789 1679 849 1731 tota
871 1691 916 1730 res
946 1672 1090 1740 militaris,

217 1773 360 1828 divinitus
379 1771 476 1829 ²esset
498 1774 668 1841 constituta3
694 1779 753 1829 lum
781 1772 942 1844 progressio
967 1772 1090 1830 admira·

216 1870 294 1934 bilis,
316 1871 551 1943 incredibilisque
566 1887 665 1926 cursus
680 1872 716 1926 ad
735 1887 852 1946 omnam
876 1867 1087 1937 evxcellsntiam

58 2044 60 2048 7
215 1967 308 2025 bolus
333 1972 386 2034 est,
413 1969 562 2025 dominatu
591 1969 671 2041 regio
695 1969 843 2040 republica
868 1968 999 2025 liberato.
1028 1983 1086 2026 nec

135 2117 137 2120 a
216 2083 287 2124 veru
306 2068 354 2122 hio
371 2067 450 2122 locus
464 2071 518 2134 est,
531 2071 562 2123 ul
584 2068 620 2122 de
635 2066 760 2122 acoribus
780 2066 975 2140 institutisque
997 2065 1086 2140 majo·

211 2182 286 2231 rum,
298 2170 328 2222 et
342 2165 498 2237 disciplina
513 2182 548 2224 ao
565 2165 773 2238 temperatione
783 2164 913 2221 civitatis
929 2165 1084 2240 loquamur.
1141 2199 1144 2205 -

215 2264 280 2321 aliis
308 2266 381 2321 haee
410 2264 482 2320 locis
510 2264 580 2320 satis
605 2269 740 2321 accurate
764 2263 884 2322 anobis
908 2263 1085 2332 dictasunt,

107 2359 109 2364 ’
190 2433 193 2438 .
214 2365 397 2438 maximeque
412 2363 441 2421 in
457 2363 493 2422 iis
507 2383 559 2421 sex
575 2363 665 2431 libris,
691 2381 761 2438 quos
772 2365 809 2420 de
832 2365 981 2437 republica
995 2364 1082 2438 scrip·

213 2463 319 2520 simus:
361 2465 427 2522 Hoc
455 2470 552 2522 autem
579 2466 646 2521 loco
670 2463 868 2522 consideranti
895 2464 968 2522 milri
988 2463 1085 2522 studia

213 2562 373 2632 doctrinae,
394 2567 484 2622 multa
503 2583 574 2622 sane
587 2569 751 2632 occurrunt,
772 2581 824 2622 our
846 2582 882 2622 ea
906 2583 1019 2640 quoquc
1039 2580 1083 2622 ar·

212 2661 319 2719 uessita
352 2663 479 2730 aliunde,
506 2681 600 2738 neque
627 2667 720 2722 solum
747 2665 888 2738 expetita,
915 2667 968 2720 sod
991 2663 1082 2719 stiam

155 2821 161 2834 Ι,
211 2767 394 2831 conservata,
412 2768 443 2819 et
463 2765 541 2820 culta
563 2763 726 2821 videantur.
741 2770 804 2820 erat
818 2764 897 2820 enim
911 2761 970 2816 illis
986 2775 1080 2830 paena

211 2860 243 2918 in
254 2867 414 2934 conspectu
429 2863 588 2936 praestanti
602 2862 744 2936 sapientia
759 2867 789 2918 et
803 2859 957 2918 nobilitato
972 2857 1081 2930 Pytha·
1185 2871 1190 2876 ·

195 2968 201 2971 “
208 2977 301 3034 goras,
315 2962 364 3036 qui
377 2961 431 3018 luit
444 2962 476 3019 iu
496 2963 582 3020 Italia
601 2961 777 3035 temporibus
796 2955 909 3023 iisdem,
923 2956 1024 3030 quibus
1041 2958 1078 3016 L.
1157 2977 1166 2990 ·

209 3060 315 3117 Brutus
330 3060 451 3134 patriam
474 3061 620 3126 liberavit,
642 3060 806 3130 praeclarus
830 3058 1079 3116 auctoruobilita·

210 3159 248 3216 tis
279 3163 357 3216 tuae.
399 3140 584 3232 Pythagorae
611 3161 708 3213 autem
737 3155 870 3212 doctrina
896 3173 963 3214 cum
989 3159 1077 3234 longo

238 3321 317 3380 ¹quue
336 3335 383 3368 aero
400 3334 422 3366 a.
437 3319 531 3376 caprilla
540 3318 565 3364 in
583 3318 604 3364 la.
617 3333 634 3363 o.
647 3332 658 3364 a
672 3317 714 3364 Gr.
726 3319 899 3380 transtulerant]
915 3321 960 3367 duo
992 3321 1076 3369 ertioet

207 3381 390 3428 irunslulerunll
404 3395 432 3425 an
452 3379 480 3424 ad
496 3378 596 3435 ingonia.
615 3384 639 3422 ut
654 3391 681 3423 ea
699 3379 836 3424 transtulisse
850 3395 876 3424 aa
887 3380 959 3426 studia
977 3335 1075 3428 Romam

208 3438 317 3486 dicantur.
328 3442 405 3486 durum
417 3440 459 3486 hoc
468 3437 540 3484 tuerit,
551 3437 680 3484 Ciceronem
690 3444 744 3498 puto
754 3439 864 3498 scripsisse
874 3439 1019 3486 transierunt.

238 3517 307 3564 ²tasse
322 3518 447 3578 constituto]
464 3518 515 3578 quia
531 3517 573 3562 hoc
592 3522 626 3566 est
641 3533 757 3568 commum
771 3519 872 3582 pluribus
890 3520 1076 3583 praecedentibus

205 3587 252 3624 nou
262 3577 321 3624 male
329 3576 433 3626 Davisius
443 3581 510 3624 esseut
519 3577 598 3626 edidit.
