2538 4188
252 335 316 394 386
510 325 555 376 ΒΕ
569 325 709 376 NATURA
724 325 870 376 nuouuM

252 473 364 534 ratione
378 478 529 549 eguerunt,
539 477 591 534 scd
606 474 734 550 intelligi
746 474 844 550 qualis
854 474 922 549 sint,
936 471 1000 534 sine
1010 491 1123 535 summe

251 574 364 632 ratione
378 591 437 632 nou
449 572 592 648 possunt?

198 657 239 715 4⁵
292 675 358 732 Nec
370 691 441 730 vero
455 673 529 730 baec
541 675 634 730 solum
654 671 845 742 admirabilia,
860 674 912 732 sed
934 673 1012 733 nihil
1023 673 1123 748 majus,

250 790 337 848 quum
348 773 424 849 quod
439 773 479 830 itu
491 771 604 830 stabilis
619 779 664 830 est
679 775 811 842 mundus,
825 781 910 848 atque
925 773 965 831 itu
987 777 1123 832 cohaeret

250 875 288 932 ud
303 873 539 945 permanendum,
553 877 586 930 ut
599 871 672 930 nihil
696 891 734 931 ne
755 872 917 947 excogitari
931 873 1048 948 quidem
1063 891 1123 946 pos·

250 971 289 1030 sit
303 972 407 1046 aplius.
430 989 531 1030 omnes
545 971 626 1029 enim
640 977 735 1045 partes
758 971 819 1044 ejus
845 971 971 1046 undique
997 974 1123 1030 medium

250 1073 347 1128 locum
361 1077 558 1144 capessentes,
567 1070 697 1129 nituntur
707 1069 874 1146 aequaliter.
885 1071 1013 1129 maxime
1028 1078 1123 1128 sutem

250 1187 371 1242 corporo
385 1169 462 1226 inter
472 1187 503 1226 se
513 1170 617 1244 juncta
632 1175 813 1248 permanent,
826 1188 892 1228 cum
903 1173 1028 1246 quodum
1043 1168 1124 1244 quasi

250 1267 372 1326 vinculo
382 1268 563 1326 circumcisio
576 1270 766 1344 colligentur:
788 1272 864 1345 quod
875 1271 945 1328 lucit
959 1289 994 1326 ee
1011 1276 1122 1338 nature,

250 1385 324 1442 quse
349 1385 530 1442 peromnem
551 1370 688 1428 muudum
712 1370 812 1428 omnis
836 1374 986 1437 mente,et
1009 1367 1124 1426 ratione

250 1469 411 1526 conficiens
424 1469 561 1538 tunditur,
574 1474 605 1526 et
617 1470 655 1526 ud
671 1470 797 1530 medium
822 1469 907 1544 repit,
919 1475 950 1526 et
973 1466 1122 1526 convertit

251 1574 391 1626 extreme.
434 1567 580 1640 Quocirca
594 1568 620 1625 si
640 1571 763 1626 muudus
777 1571 912 1644 globosus
927 1574 981 1636 est,
995 1569 1033 1625 ob
1047 1557 1123 1624 eam·

251 1685 307 1744 que
331 1684 449 1725 causum
473 1684 574 1724 omnes
589 1667 651 1739 ejus
672 1673 769 1742 partes
782 1669 920 1748 undique
947 1665 1123 1742 aequabiles,

251 1768 331 1840 ipsse
347 1785 451 1839 perse,
473 1771 560 1840 utque
573 1765 650 1823 inter
672 1785 704 1824 se
726 1766 914 1826 continentur
929 1786 936 1820 ε
952 1767 1123 1840 contingere

251 1864 328 1921 islern
344 1871 436 1922 lerrse
451 1881 571 1922 necesse
586 1870 640 1932 est,
665 1870 705 1933 ut,
719 1865 852 1924 omuibus
874 1867 936 1940 ejus
951 1867 1078 1940 pertibus
1091 1864 1123 1920 in

224 1999 225 2004 κ
251 1963 378 2019 medium
392 1962 589 2035 vergentibus,
609 1960 653 2038 (id
667 1969 765 2024 aulem
786 1965 923 2030 medium,
937 1964 1068 2020 infimum
1091 1963 1124 2021 iu

251 2063 372 2134 sphaere
385 2056 444 2134 est)
465 2059 538 2116 nibil
553 2059 752 2132 interrumpat,
766 2076 823 2134 quo
837 2061 1006 2116 labefactari
1032 2061 1126 2132 possit

252 2166 333 2217 tenta
354 2157 507 2216 contentio
520 2157 673 2230 gravitatis
694 2163 724 2213 et
745 2159 912 2230 ponderum.
954 2158 1126 2234 Eademque

251 2258 363 2314 ratione
377 2273 465 2324 mure,
478 2273 545 2314 cum
559 2274 644 2329 supra
667 2261 771 2314 terrem
793 2257 841 2325 sit,
869 2257 996 2315 medium
1025 2257 1124 2316 tumen'

251 2363 344 2414 terroe
360 2359 455 2414 locum
470 2363 622 2431 expetens,
635 2359 825 2431 conglobetur
841 2357 968 2432 undique
989 2357 1125 2432 aequabi-

251 2455 328 2523 liter,
362 2475 456 2532 ueque
487 2457 627 2514 redundo
662 2473 807 2531 umquam,
829 2475 923 2531 usque
956 2456 1123 2519 effunditur.

255 2557 333 2615 Huic
348 2563 444 2614 sutem
457 2556 612 2613 continens
632 2554 692 2623 uiis,
711 2554 732 2588 ²¹
746 2557 834 2614 fertur
847 2556 898 2613 ille
912 2555 1028 2631 quidem
1051 2557 1125 2614 levi·

253 2663 314 2715 tate
328 2655 451 2724 sublimi,
471 2655 522 2712 sed
537 2659 634 2712 tomen
646 2655 678 2712 in
697 2671 799 2712 omues
821 2661 962 2728 partesue
982 2657 1046 2730 ipse
1061 2657 1125 2714 luu-

253 2757 304 2815 dit.
319 2757 416 2830 itaque
430 2759 460 2812 et
475 2754 545 2812 muri
559 2754 756 2822 continuatus,
776 2761 805 2811 ct
820 2755 941 2828 junctus
961 2763 1015 2824 est,
1030 2762 1060 2813 et
1075 2773 1126 2814 nu·

245 2862 316 2916 turs
336 2858 424 2914 lertur
436 2857 473 2912 ssl
488 2858 618 2914 coelum:
639 2856 721 2930 cujus
735 2855 885 2923 tenuitate,
899 2861 929 2912 et
943 2859 1039 2914 colore
1054 2861 1127 2915 tem-

254 2962 377 3030 peratus,
394 2955 524 3022 vitalem,
544 2961 574 3012 et
592 2957 747 3012 salutarem
771 2955 902 3028 spiritum
924 2956 1042 3027 praebet
1064 2957 1129 3014 uni-

255 3056 409 3114 mantibus.
442 3054 700 3126 Quemcomplexu
714 3071 826 3116 summe
839 3072 904 3128 pers
915 3054 1001 3121 coeli,
1020 3053 1041 3085 ²⁸
1051 3073 1128 3130 quse

286 3228 448 3286 ”ferorae
466 3244 486 3288 q.
498 3227 584 3274 usitate
603 3227 704 3288 sublime]
721 3227 752 3273 sic
767 3241 844 3274 omnes
863 3229 914 3274 edd.
935 3243 989 3290 ques
1005 3228 1066 3276 vidis
1083 3231 1130 3280 nisi

258 3291 317 3346 quod
330 3287 432 3336 Davisius
442 3303 455 3332 e
465 3303 512 3333 var.
525 3287 576 3332 leet,
589 3286 733 3348 quorumdem
745 3287 801 3332 Mes.
816 3286 838 3332 in
858 3288 958 3345 margine
975 3289 1130 3337 ediditsublie

259 3349 307 3396 mis.
324 3353 348 3394 et
358 3346 431 3408 potuit
441 3346 505 3392 litere
515 3345 595 3392 ultime
612 3345 724 3392 absorberi
742 3345 813 3406 primu
824 3348 935 3416 sequentis
946 3348 1008 3393 verbi
1018 3349 1071 3395 sed:
1087 3365 1130 3410 pu·

258 3415 304 3452 tem
316 3416 389 3451 tamen
401 3405 514 3464 vulgatum
525 3406 613 3452 delendi
637 3419 694 3460 osse,
712 3403 729 3450 si
740 3419 784 3450 uon
794 3405 901 3465 accipitur
910 3421 951 3466 pro
960 3407 1062 3466 epitheto
1071 3408 1130 3454 leri-

256 3465 319 3516 tatis,
330 3465 389 3522 quod
405 3472 464 3509 esset
474 3464 600 3533 ineptorum
639 3463 741 3510 obsolute
748 3479 792 3568 gro
808 3464 835 3510 in
849 3465 1011 3512 cultissimum
1030 3472 1054 3512 et
1068 3467 1128 3514 alibi

257 3522 352 3567 sublime
361 3522 498 3581 poniturpro
508 3538 530 3567 m
539 3523 633 3570 sublime
640 3523 677 3568 vel
690 3523 712 3570 iu
722 3538 746 3569 su
763 3522 818 3570 limi.

288 3597 310 3628 ²⁸
324 3611 380 3656 quse
388 3598 463 3644 usura
472 3599 576 3661 dicim]
608 3602 646 3650 Sic
655 3602 714 3652 Mus.
725 3602 816 3664 quidsn
825 3583 856 3674 μ’
866 3602 917 3650 edd.
929 3603 1013 3652 lionou
1025 3601 1128 3652 Medici.
