2558 4198
449 283 743 346 nrannsrcunnut.
965 255 1028 364 gip

162 447 236 510 nene
255 425 299 522 ad
317 444 516 521 longinquum,
540 451 570 502 et
590 444 763 504 immensum
788 457 882 517 poene
910 447 1034 519 tempus.

158 545 324 621 ”Quorum
349 543 491 604 utrumvis
521 544 569 610 sit,
599 543 735 618 requitur,
762 547 865 603 natura
894 545 1035 602 mundum

161 644 365 706 administrari.
407 645 491 716 Quae
521 643 600 700 enim
634 643 770 703 olendum
796 642 955 716 navigatio,
979 645 1030 702 aut

162 765 237 822 quae
251 745 405 818 instructio
419 743 575 812 exercitus,
600 745 648 800 aut
663 759 756 802 ruraua
777 739 822 820 (ut
836 761 880 812 ea,
895 761 969 819 quae
984 760 1034 802 na·

163 851 228 904 tura
256 843 353 913 efficit,
380 841 574 920 conferamus)
593 859 666 916 quae
694 842 857 915 procreatio
875 843 955 910 vitia,
985 849 1036 904 aut

164 944 284 1010 arboria,
298 961 371 1018 quae
385 961 469 1018 porro
494 941 651 1002 animantia
667 941 766 1016 ligura,
787 941 1035 1016 conformatioque

165 1047 367 1113 membrorum,
393 1049 506 1104 tantam
529 1045 660 1122 'naturae
688 1043 846 1102 sollertiam
880 1045 1057 1118 significor„
1113 1037 1118 1047 '

145 1156 149 1170 ‘
164 1149 303 1220 quantam
318 1145 380 1218 ipse
394 1145 517 1221 mundus
529 1141 541 1202 i
555 1151 610 1204 ‘aut
624 1146 713 1220 igitur
725 1143 798 1202 nihil
813 1150 867 1209 eat,
881 1146 956 1219 quod
970 1163 1035 1204 een·

158 1227 257 1304 tiente
273 1247 375 1302 natura
388 1249 502 1318 regetur
517 1263 524 1300 r
545 1249 595 1304 aul
610 1245 748 1302 mundum
762 1243 823 1316 regi
836 1245 1035 1304 confitendum

166 1349 222 1404 eet.
262 1343 383 1402 Etenim
396 1341 446 1416 qui
469 1342 593 1418 reliquae
617 1349 858 1411 naturaeomnee‚
882 1362 1036 1418 earumque

164 1441 277 1506 nemina
293 1442 455 1509 contineat,
468 1442 518 1516 qui
537 1449 631 1515 potest
652 1443 715 1516 ipae
742 1461 801 1502 non
826 1452 926 1502 natura
947 1443 1037 1502 admi·

167 1538 307 1602 nistrari?
328 1547 369 1606 ut,
383 1540 457 1614 siqui
471 1542 584 1608 dentes,
597 1547 627 1598 et
641 1543 820 1614 pubertatem
836 1549 937 1600 natura
957 1543 1039 1602 dicat

166 1641 328 1710 exsistere3
347 1638 442 1712 ipsum
456 1645 553 1698 autem
577 1639 735 1707 bominem,
755 1641 804 1698 cui
825 1659 861 1698 ea
885 1643 1039 1712 exsistunt,

165 1758 227 1800 non
240 1747 374 1798 constare
386 1746 507 1798 natura:
532 1755 591 1798 non
602 1738 758 1814 intelligat,
772 1758 817 1808 ea,
830 1758 904 1815 quae
918 1741 1040 1800 ederant

167 1839 278 1914 aliquid
293 1859 329 1900 ex
344 1857 419 1906 aeae,
430 1839 617 1914 perfectiores
631 1839 737 1897 babere
752 1845 877 1906 naturae,
887 1857 973 1915 quam
994 1857 1039 1910 er,

168 1958 242 2015 quoe
256 1958 295 1998 ex
314 1939 350 1998 iia
364 1940 526 1996 efferentur.
568 1938 706 2005 Omnium
726 1944 823 1996 autem
848 1957 950 2008 rerum,
963 1947 1090 2016 quaa34

168 2045 272 2100 natura
286 2038 531 2106 administrentur,
545 2038 704 2096 seminator
723 2044 754 2096 et
774 2043 852 2096 nator
872 2045 902 2098 et
924 2059 1038 2114 pareus,

133 2201 135 2204 ,
166 2145 200 2198 ut
214 2139 256 2210 ita
278 2138 386 2208 dicun,
406 2144 492 2212 atque
514 2137 663 2206 educator,
683 2143 713 2194 et
736 2141 811 2196 altor
834 2145 878 2198 eet
893 2143 1037 2200 munduca

167 2239 334 2314 omniaque,
346 2238 422 2296 aicut
433 2239 564 2297 membra
578 2242 608 2295 et
630 2245 725 2310 partes
738 2255 814 2306 eune,
829 2239 997 2308 nutricatur,
1008 2245 1039 2300 et

168 2337 314 2397 continet.
355 2336 440 2410 Quod
454 2335 481 2390 ei
494 2334 593 2392 mundi
609 2342 818 2405 pertentatura
837 2339 1039 2398 administran-

120 2421 122 2424 ’
171 2439 228 2501 tur,
252 2449 373 2491 necesse
386 2438 432 2488 eat
450 2431 588 2488 mundum
602 2429 695 2501 ipsum
709 2438 811 2490 notura
825 2437 1039 2496 administrari:

170 2529 256 2606 cujus
277 2530 393 2608 quidem
420 2527 632 2586 administratio
645 2527 717 2586 nibil
732 2530 821 2588 babet
844 2532 875 2590 io
901 2551 944 2602 ae,
963 2538 1040 2610 quod

172 2628 347 2704 reprehendi
355 2627 454 2704 poenit.
466 2645 505 2686 ex
517 2627 768 2696 inminuamus,
778 2647 851 2704 quae
862 2639 954 2702 erent,
964 2637 1041 2708 quod

172 2730 250 2794 effici
264 2729 358 2806 potuit
371 2727 521 2802 optimum,
534 2728 669 2789 effectum
683 2734 736 2786 eet.
780 2731 893 2789 Doceat
907 2751 977 2807 ergo
990 2735 1042 2794 ali-

172 2825 237 2908 quia
251 2830 378 2904 poluisse
388 2828 502 2888 melius.
537 2827 597 2884 Sed
606 2845 693 2887 nemo
706 2846 840 2904 unquam
853 2832 987 2890 docebit:
1002 2839 1042 2904 et,
1070 2873 1075 2883 ·

171 2931 200 2988 ai
213 2929 276 3005 quia
287 2927 434 3002 corrigere
448 2925 557 3002 aliquid
571 2928 660 2994 volet,
680 2931 731 2984 aut
743 2928 869 2988 deterior
879 2929 979 2998 lnciet,
992 2938 1043 2992 eut

174 3027 301 3109 id‚quod
315 3026 378 3086 fleri
392 3043 452 3084 uon
465 3027 567 3100 potuit,
580 3025 765 3086 desiderabit.
808 3028 893 3102 Quod
907 3030 932 3088 ei
941 3049 1042 3092 omnen

174 3126 276 3188 mundi
288 3130 383 3204 parter
397 3124 439 3184 ita
450 3125 629 3184 conrtitutae
651 3131 728 3193 eunt,
742 3131 774 3185 ut
794 3145 888 3202 neque
902 3131 939 3188 ad
961 3147 1042 3192 uaunr

174 3225 311 3286 meliores
324 3223 471 3298 potuerint
484 3243 557 3294 eane,
571 3241 665 3300 neque
679 3226 716 3282 ad
727 3225 856 3300 speciem
867 3229 1043 3302 pulcriorear

205 3401 229 3436 ⁹⁷
243 3399 505 3454 anrararutrumor'rol
515 3403 552 3464 ul]
568 3405 595 3447 ot
603 3399 688 3448 delevit
705 3399 816 3448 Davirina.
836 3417 880 3452 non
897 3413 1011 3464 repertum
1021 3407 1044 3456 in

177 3457 225 3508 Me.
237 3459 317 3518 Regio,
329 3465 353 3506 et
362 3475 529 3522 supervacuum.
541 3475 584 3508 arro
594 3475 642 3508 rum
653 3459 752 3507 imitetur
783 3461 835 3521 quin
853 3469 925 3523 potent
945 3481 992 3514 eon
1019 3483 1045 3516 ω

168 3519 221 3576 [nc.
233 3527 265 3564 ert
281 3525 355 3566 autem
373 3519 557 3580 breviloquentia,
577 3533 617 3580 pro
636 3521 671 3567 lac
691 3533 739 3566 erre
756 3519 899 3584 alterutrum,
914 3531 939 3572 et
955 3483 1045 3588 quidda

174 3578 322 3626 utrumlibet:
337 3579 376 3627 eod
387 3583 464 3626 tamen
475 3579 545 3640 magia
552 3579 627 3642 placet
637 3579 716 3627 deleri.
