2552 4208
489 327 589 378 hlBER
602 325 753 382 nasama.

502 497 569 546 Haec
587 496 662 544 omnia
680 495 737 544 vicli.

189 639 248 698 seu
257 639 321 714 jam
336 639 568 696 decantaverant
582 638 711 695 tortasse.
723 653 759 694 eo
769 635 849 696 enim
870 642 954 696 erant
968 639 1061 712 vultu,

188 740 330 805 oratione,
345 737 425 794 omni
440 737 550 810 reliquo
564 743 652 803 motu,
667 741 696 794 et
710 741 797 804 statu,
811 742 842 794 ut
856 755 907 795 eos
924 739 1061 814 Argivos,

188 845 238 896 aut
265 837 422 911 Sicyonios
445 836 575 893 diceres:
597 835 746 912 magisque
768 853 814 894 me
835 843 989 896 moverant
1003 839 1060 896 Co-

187 936 278 995 rinthi
292 936 387 994 subito
405 937 563 1008 suspectae
574 935 745 1008 parietinae,
760 954 846 1010 quam
860 937 942 1010 ipsos
957 937 1060 996 Corin-

188 1035 284 1118 tlrios:
305 1053 423 1110 qaorum
439 1035 544 1094 animis
568 1035 704 1092 diuturna
728 1035 868 1110 cogitatio
882 1038 990 1092 callum
1010 1054 1060 1094 ve·

189 1135 304 1192 tuatatis
337 1136 506 1192 obduxerat.
562 1134 701 1208 Legimus
735 1135 838 1191 librum
870 1133 1060 1206 Clitomachi,

189 1252 273 1308 quem
297 1235 348 1291 ille
364 1251 466 1290 eversa
481 1232 661 1308 Karthagine
686 1232 766 1290 misit
786 1233 958 1291 consolandi
971 1251 1061 1292 cansa

187 1335 223 1391 ad
248 1333 383 1408 captivos
396 1333 481 1390 cives
505 1350 582 1390 suos.
604 1335 635 1391 in
656 1349 692 1390 eo
713 1339 758 1390 est
771 1333 930 1408 disputatio
949 1334 1069 1409 scripta

187 1433 347 1490 Carneadis
357 1453 365 1516 ς
386 1449 474 1506 quam
487 1449 523 1510 se
541 1431 584 1488 ait
598 1432 630 1489 in
651 1432 891 1490 commentarium
915 1434 1058 1491 retulisse.

186 1528 206 1563 '²
220 1549 287 1588 cum
307 1531 350 1588 ita
372 1530 497 1604 positum
519 1536 605 1601 esset,
620 1531 715 1589 videri
739 1532 799 1588 lore
821 1531 853 1589 in
877 1532 1059 1606 aegritudine

187 1629 359 1703 sapientem,
381 1630 474 1702 patria
487 1636 589 1704 capta:
610 1647 684 1704 quae
699 1630 867 1687 Carneades
881 1636 982 1688 contra
996 1631 1060 1688 dix·

188 1728 253 1798 erit,
277 1729 385 1803 scripta
398 1733 474 1787 sunt.
517 1729 619 1787 'l'anta
634 1729 721 1803 igitur
735 1727 912 1786 calamitatis
927 1747 1060 1804 praesen-

187 1828 227 1886 tis
246 1829 398 1886 adhibetur
410 1847 428 1886 a
449 1827 624 1904 philosopho
638 1827 795 1896 medicina,
809 1833 916 1903 quanta
935 1827 956 1860 '⁸
970 1829 1001 1888 in
1015 1828 1059 1888 in·

188 1933 319 1986 veterata
333 1947 371 1986 ne
385 1928 566 1986 desideratur
586 1927 710 2002 quidem.
727 1944 783 1985 nec
804 1925 830 1984 si
843 1927 952 2004 aliquot
973 1927 1059 1986 annia

186 2032 251 2100 post
264 2027 342 2084 idem
357 2027 408 2085 ille
422 2028 497 2085 liber·
510 2025 637 2100 captivis
658 2027 761 2083 missus
783 2032 870 2093 esset,
889 2027 1057 2085 vulneribus

186 2127 357 2194 mederetur,
368 2126 420 2183 sed
431 2124 628 2183 cicatricibus.
649 2125 758 2183 sensim
772 2125 861 2192 enim,
875 2131 904 2184 et
920 2128 1057 2200 pedeten·
1156 2189 1171 2212 ἢ

184 2223 236 2282 lim
252 2226 438 2300 progrediens
458 2228 636 2283 extenuatur
648 2225 749 2282 dolor:
771 2241 829 2283 nou
850 2243 907 2301 quo
927 2225 989 2299 ipsa
1011 2241 1057 2283 ree

181 2324 331 2382 immutari
344 2328 448 2392 soleat,
462 2329 513 2382 aut
527 2323 633 2398 possit:
654 2325 707 2382 aed
720 2324 760 2392 ia,
774 2325 851 2399 qnod
864 2325 938 2382 ratio
950 2327 1057 2382 debue-

185 2430 240 2491 rat,
250 2442 317 2481 usus
328 2411 425 2491 docet,
439 2415 630 2482 minora'esse
645 2440 690 2491 ea,
701 2439 774 2498 qaae
787 2425 846 2482 sint
861 2423 925 2482 visa
937 2424 1054 2499 majora.

226 2520 334 2594 ”Quid
357 2538 426 2596 ergo
445 2539 517 2596 opus
537 2527 592 2591 est,
609 2522 690 2581 dicet
708 2523 822 2600 aliquis,
846 2523 986 2592 oratione,
1006 2517 1110 2582 cutm

184 2619 307 2678 omnino
331 2621 533 2679 consolatione
547 2623 617 2691 ulla,
630 2640 686 2699 qua
706 2625 832 2682 solemus
852 2623 905 2692 uti,
925 2640 992 2682 cum
1016 2625 1057 2680 le-

186 2737 257 2778 vare
269 2719 400 2777 dolorem
422 2719 615 2779 moerentium
638 2719 793 2782 volumus?
813 2723 869 2780 hoc
893 2723 972 2780 enim
995 2723 1057 2781 lere

185 2824 246 2876 tum
270 2819 410 2877 habemus
430 2817 462 2876 in
486 2824 608 2894 promtu,
622 2819 696 2880 nihil
720 2827 854 2897 oportere
872 2819 1056 2896 inopinatum

216 2978 239 3014 Μ
254 2993 306 3028 eum
323 2981 357 3028 tta
374 2979 472 3038 maltum
481 2981 542 3045 caet]
558 2997 588 3032 ac.
600 2983 793 3047 ualiqcirlroc
802 2982 1057 3034 summanalia

183 3039 305 3102 putandum
315 3040 451 3103 pretulisset.

184 3119 536 3237 niriffiffl‘ietaeivi'im
546 3121 616 3230 ‘diiii
625 3123 653 3196 in
666 3121 796 3230 lanwelterzte,
811 3123 871 3198 qaod
888 3137 933 3170 con
953 3121 1057 3228 daelicat

182 3237 233 3308 ina
243 3238 305 3286 verbi
316 3215 427 3312 sequentis
436 3187 620 3304 sinaiihprtins:
632 3187 700 3290 ltelullus.
721 3197 800 3290 lierni
808 3187 1057 3303 &imicitiam

183 3301 343 3360 rtaquereeapr
352 3304 440 3361 alapae.

213 3376 374 3448 'JQua'dtopus
383 3378 576 3450 salmanticae]
608 3379 903 3428 SicbeneedlditDaviaiua
928 3379 1056 3440 rovulgaio

177 3439 277 3558 aarum
285 3447 370 3545 gneum
379 3437 503 3545 &gangano
513 3443 618 3502 aequatur.
628 3455 679 3490 mox
687 3440 726 3490 tor
734 3455 784 3490 cum
790 3440 896 3488 eodeml
925 3439 932 3487 i
942 3455 984 3506 pro
992 3440 1056 3502 lect,
