2548 4208
466 334 733 396 trennoururus.
971 335 1037 412 aui

165 484 252 549 muri
281 483 375 557 '’An,
388 485 421 547 ni
443 487 486 548 its
500 506 532 547 se
547 506 592 548 res
617 490 746 561 heberet,
768 486 1039 569 Ansxsgorss,sut

165 589 215 648 lsio
240 589 304 663 ipse
327 589 523 656 Democritus,
538 577 636 666 ‘egros
659 596 690 648 et
716 590 888 665 putrimonis
908 610 959 652 sun
972 591 1056 651 reli-'

164 689 312 764 quissent:
334 688 403 746 huie
416 688 559 758 discendi,
573 689 787 766 quaerendique
801 691 921 749 divinae
940 693 1039 751 deleo·

164 787 271 845 tationi
297 792 359 844 toto
385 805 417 844 se
441 789 540 846 animo
568 787 740 848 dedissent?
774 791 876 865 ltaque
900 805 1038 864 augurem

167 887 327 954 Tiresiam,
340 904 424 961 quem
439 887 602 962 sapientem
626 890 738 962 lingunt
752 887 868 960 unitae,
882 903 1038 963 numquam

165 983 308 1042 inducunt
335 986 534 1059 deplorantem
560 990 737 1045 oueoitatem
764 1003 867 1042 suam:
908 992 940 1042 st
966 1003 1038 1045 vero

166 1083 379 1157 Polyphemum
401 1085 557 1144 'Homerus
584 1103 651 1142 cnm
687 1084 854 1152 immanem,
889 1084 1037 1159 ferumque

165 1183 308 1250 finxisset,
322 1199 388 1242 oum
399 1185 489 1242 sriete
498 1185 588 1242 etiam
599 1187 814 1259 colloquentem
826 1181 905 1251 iaoit,
919 1183 1037 1258 ejusque

168 1283 286 1341 laudare
299 1283 436 1348 lortunas,
463 1285 548 1357 quod,
562 1301 617 1360 qun
632 1285 733 1352 vellet,
755 1282 868 1355 ingredi
881 1274 987 1356 posset,
997 1287 1038 1352 et,

168 1397 241 1458 quae
265 1384 368 1448 vellet,
391 1381 545 1454 attingere.
595 1383 690 1440 Reate
717 1381 766 1440 hio
792 1383 918 1457 quidem.
943 1382 1038 1441 nihilo

166 1480 246 1538 enim
260 1484 322 1536 erat
344 1479 408 1553 ipse
433 1479 573 1552 Cyclops,
590 1498 676 1554 quam
690 1481 765 1539 aries
785 1481 846 1550 ille,
861 1482 1036 1556 prudentior.

166 1578 204 1638 ln
224 1577 363 1635 surditate
379 1594 449 1634 sero
461 1579 599 1652 quidnam
623 1584 668 1635 est
687 1577 780 1636 mali?
808 1584 871 1636 erat
894 1580 1088 1642 surdasterdd

168 1677 212 1737 M.
233 1677 370 1735 Crassus:
389 1675 411 1710 ⁷³
423 1677 475 1734 sed
499 1676 577 1735 aliud
589 1678 749 1744 molestius,
762 1677 838 1754 quod
852 1680 928 1735 male
942 1678 1039 1734 audie·

165 1778 227 1844 bat,
242 1774 379 1842 etiamsi,
393 1775 511 1834 utmilri
527 1775 690 1844 videbatur,
703 1775 818 1850 injuris.
838 1774 858 1808 ⁷⁴
873 1772 1038 1854 [Epicurei]

165 1873 259 1935 nostri
274 1873 388 1932 Graece
402 1874 461 1932 lere
476 1875 621 1943 nesciunt,
635 1891 691 1933 neo
706 1874 816 1932 Graeci
837 1875 954 1934 Latine.
969 1891 1040 1951 ergo

168 1973 200 2032 lri
214 1974 246 2031 in
261 1973 384 2042 illorum,
399 1978 430 2031 et
437 1973 493 2031 illi
517 1975 549 2032 in
569 1973 671 2031 horum
690 1991 824 2032 sermone
837 1975 930 2032 surdi:
951 1972 1040 2034 ”om-

166 2089 278 2148 nesque
291 2072 321 2129 id
346 2091 399 2131 nos
420 2072 452 2128 in
474 2072 510 2131 iis
531 2072 647 2148 linguis,
666 2090 736 2147 quas
756 2090 816 2131 non
837 2073 1039 2150 intelligimus,

168 2164 323 2248 quaesunt
342 2169 578 2240 innumerabiles,
599 2172 677 2230 surdi
697 2173 827 2246 prolecto
847 2189 952 2230 sumus.
995 2176 1039 2232 nt

168 2287 274 2330 vocem
287 2271 449 2328 citharoedi
463 2289 522 2329 non
535 2271 674 2329 audiunt:
695 2289 734 2329 ne
747 2270 899 2344 stridorem
921 2271 1039 2347 quidem

168 2387 264 2428 serrae
291 2375 363 2436 tum,
386 2385 454 2425 oum
481 2369 612 2426 aeuitur:
655 2375 707 2426 sut
731 2367 753 2404 ⁷⁰
767 2371 955 2443 grunnitum·
970 2387 1039 2431 oum

164 2467 316 2542 juguletur
338 2483 405 2522 sus:
426 2481 492 2531 neo,
512 2481 580 2522 eam
594 2465 743 2540 quiescere
758 2469 870 2534 volunt,
892 2468 1038 2529 fremitum

171 2563 374 2622 murmurantis
396 2561 492 2620 meris.
533 2563 581 2632 Et,
602 2563 628 2620 si
651 2567 754 2622 uentus
775 2580 826 2622 eos
846 2564 920 2621 forte
942 2567 1040 2626 deleo·

170 2665 244 2732 tent,
277 2661 401 2737 primun
433 2661 562 2736 cogitare
592 2663 709 2731 debent,
732 2667 889 2737 antequem
915 2663 947 2720 hi
967 2665 1040 2724 'sint
1078 2673 1092 2715 '-

200 2839 225 2876 7²
238 2843 286 2897 An.
296 2841 323 2888 ni
331 2839 371 2894 ila.
383 2838 437 2900 ste]
470 2839 508 2886 Ass
517 2851 559 2899 pro
567 2843 608 2888 ast
616 2837 680 2886 dedit
690 2837 794 2886 Davisius
802 2853 816 2885 s
825 2837 884 2886 Mas.
895 2837 960 2886 bene.
1036 2804 1040 2814 .

200 2919 224 2953 '¹³
238 2919 351 2968 socialiud
360 2915 481 2988 molestius]
501 2916 617 2976 proaliud
626 2903 824 2987 legendum‘illud‚
839 2913 970 2978 quoeun'er
985 2917 1040 2966 sllbi
1123 2915 1127 2922 ’
1197 2919 1200 2926 ’

169 2984 320 3041 permutatum
330 2977 396 3024 aliud
406 2983 538 3032 notavimus,
549 2981 697 3036 notarumque
707 2980 730 3020 et
740 2975 786 3021 alu.
1034 3008 1039 3020 .

169 3069 172 3094 ¹
200 3057 224 3091 ⁷⁴
239 3055 351 3114 Epicurei
366 3055 455 3118 nostri]
487 3054 711 3115 Epirursinonspti
726 3054 749 3100 h.
766 3053 852 3101 lunds
865 3053 1039 3102 rsriehorssr·

170 3116 223 3164 bum
243 3122 350 3164 tentetur.
384 3114 487 3162 Devirius
496 3113 584 3171 conjicit
604 3114 708 3171 operarii.
740 3113 800 3165 Quin
814 3118 865 3175 post
881 3113 963 3160 Graeci
981 3115 1039 3162 aude

170 3175 281 3231 dicuntur,
291 3176 361 3223 eredo
371 3181 395 3221 et
404 3175 475 3221 nostri
484 3173 543 3220 nude
553 3173 647 3234 positum
666 3188 681 3219 e
690 3172 798 3220 Cioerone
807 3178 831 3219 et
849 3171 959 3230 Epicurei
968 3183 1041 3220 essse

169 3242 225 3282 nota
243 3236 379 3295 glossatoris,
393 3235 430 3297 qui
443 3232 561 3290 didicerat
571 3248 585 3278 a
596 3232 703 3288 Cicerone
712 3231 827 3294 Epicureis
842 3230 957 3280 infandam
973 3231 1038 3292 obiici

170 3295 268 3342 solitsm,

176 3431 191 3478 ,ι
201 3373 224 3408 ¹⁵
239 3388 354 3452 omnaque
369 3369 454 3436 tsi-ms]
474 3373 500 3420 id
515 3371 658 3420 nullomodo
674 3384 751 3420 varum
769 3373 810 3420 sst.
841 3369 901 3418 Puto
920 3371 1038 3460 legendam

172 3447 446 3572 *ez-“unni‘um‚.mm
460 3510 587 3570 jugsrlolnr
595 3473 641 3572 ssls]
662 3509 766 3557 Davisius
776 3508 871 3555 correxit
880 3509 943 3559 ruis:
957 3509 995 3562 ssd
1005 3509 1038 3560 its

174 3573 231 3624 esset
240 3571 316 3624 alieno
326 3573 384 3624 iseo.
395 3571 479 3622 animi
487 3569 620 3634 intelligitur
630 3575 669 3621 sut
676 3573 754 3633 sponte
764 3569 788 3619 in
797 3568 929 3632 mamitus.
