2548 4208
242 275 304 338 lau
352 231 356 236 ’
478 251 612 318 bosom.
629 259 873 320 curaerrouurr

240 416 364 484 sanatio,
377 415 403 475 ri
427 416 542 487 docear,
564 417 642 492 iprae
664 405 895 490 perturbationes
917 432 969 490 per
988 433 1021 476 ee
1046 435 1111 480 eme

240 517 372 585 vitiosas,
411 535 468 576 uec
493 519 600 575 habere
623 520 779 592 quidquam
811 525 860 574 out
894 520 1036 584 naturale,
1059 515 1139 576 aut·

239 615 454 674 necessarium:
474 622 505 674 ut
518 616 612 690 ipeam
626 616 837 691 aegritudinem
856 616 940 674 leniri
968 618 1109 686 videmus,

240 731 308 772 cum
340 715 493 788 objicimur
525 716 720 772 moerentibus
756 715 991 772 imbecillitatem
1018 713 1110 772 animi

238 814 428 882 effoeminati,
449 832 571 888 cumque
586 831 684 872 eorum
707 814 883 889 gravitatem
903 814 1110 871 constantiam-
1213 849 1217 856 ι

236 931 292 990 que
307 915 464 981 laudamus,
478 914 528 988 qui
542 930 601 970 non
623 915 786 970 turbulente
802 915 927 970 humana
953 913 1108 986 patiantur.
1131 915 1133 918 ’

236 1016 312 1092 quod
332 1013 449 1090 quidem
468 1015 542 1070 solet
563 1012 606 1068 eia
629 1012 718 1070 eliam
732 1011 877 1077 accidere,
901 1011 950 1086 qui
964 1012 1015 1068 illa
1032 1014 1109 1082 mala

236 1133 300 1174 esse
314 1118 446 1180 censent,
460 1111 578 1170 terenda
592 1117 691 1168 tamen
705 1128 797 1186 aequo
810 1110 908 1167 animo
922 1110 1105 1168 arbitrantur.

235 1219 318 1289 putat
341 1213 454 1286 aliquis,
476 1229 541 1268 esee
566 1212 744 1283 voluptatem
765 1213 892 1281 bonum3
913 1209 986 1268 aliua
1000 1218 1110 1280 autem,

235 1311 408 1388 pecuniam:
431 1315 529 1366 tamen
543 1316 571 1367 et
584 1289 634 1366 ille
648 1310 685 1366 ab
706 1309 939 1384 intemperantia,
954 1315 984 1366 et
998 1309 1046 1366 laic
1068 1311 1106 1368 ub

235 1410 361 1470 avaritia
387 1407 507 1466 avocari
534 1407 637 1483 potest
662 1408 714 1464 illa
738 1413 835 1467 autem
858 1410 950 1468 altera
975 1409 1049 1467 ratio
1073 1413 1107 1468 et·

235 1511 337 1580 oratio,
364 1527 437 1586 quae
465 1508 550 1566 simul
579 1514 609 1564 et
633 1508 804 1581 opinionem
831 1509 932 1566 luteam
961 1507 1046 1575 tollit,
1074 1512 1106 1566 et

233 1611 445 1688 aegritudinem
469 1607 605 1675 detrahit,
625 1605 697 1668 ⁹³esi
715 1608 880 1683 ecquidem
895 1609 1036 1676 subtilior,
1051 1607 1105 1666 aed

232 1727 298 1770 raro
311 1710 434 1785 proficii,
454 1727 547 1784 neque
562 1713 605 1764 eet
620 1709 656 1764 ad
672 1709 775 1782 vulgus
792 1707 966 1764 adhibenda.
1008 1707 1105 1779 Quae·

232 1811 301 1868 dam
313 1813 410 1867 autem
424 1812 492 1864 eunt
512 1807 717 1880 aegritudines,
740 1825 810 1880 quae
825 1807 925 1863 levare
946 1805 998 1863 illa
1012 1805 1104 1864 medi-

232 1907 302 1966 cina
323 1908 404 1964 nullo
418 1905 503 1962 modo
525 1903 631 1977 poerit:
654 1909 685 1961 ut
705 1903 730 1960 si
744 1905 807 1979 quis
821 1924 906 1978 aegre
920 1905 1002 1972 leret,
1027 1905 1103 1962 nihil

232 2005 266 2064 iu
286 2023 318 2062 se
343 2021 407 2062 esee
432 2003 557 2070 virtutis,
583 2002 655 2061 nihil
683 2004 782 2070 animi,
807 2003 880 2062 nillil
908 2003 1007 2071 officii,
1029 2003 1104 2062 nihil

223 2100 411 2164 'honestatise
433 2108 549 2175 propter
563 2103 640 2158 mala
654 2102 678 2158 ie
692 2102 808 2178 quidem
828 2110 959 2178 angatur,
978 2104 1028 2160 eed
1043 2102 1103 2160 alia

232 2202 374 2278 quaedam
400 2200 439 2258 ait
465 2199 502 2256 ad
530 2218 595 2258 eum
619 2202 803 2260 admovenda
827 2204 947 2271 curatio,
974 2209 1004 2262 et
1034 2201 1102 2261 talis

231 2301 358 2376 quidem,
371 2316 444 2376 quae
468 2299 558 2373 possit
579 2319 643 2358 esee
665 2303 804 2380 omnium,
826 2301 916 2360 etium
935 2303 972 2360 de
993 2302 1100 2361 ceteri·

229 2402 327 2484 rebue‘
346 2399 572 2474 discrepantium
605 2401 849 2474 philosophorum.
885 2400 961 2460 inter
996 2419 1099 2460 omnes

230 2500 311 2557 euim
330 2498 489 2558 convenire
513 2504 636 2574 oportet,
658 2501 870 2558 commotiones
890 2501 1060 2568 animorum,
1080 2515 1099 2560 a

229 2598 443 2658 reclamatione
465 2613 677 2665 aversas,esee
702 2598 834 2666 vitineas,
861 2606 901 2666 ut,
927 2597 1047 2657 “etium
1071 2597 1098 2656 ei

153 2685 158 2696 ’
228 2700 306 2755 rnala
319 2698 379 2754 sint
401 2697 462 2766 illa,
475 2713 548 2771 quae
569 2701 687 2764 metum,
712 2697 981 2772 aegritudinemve3
1012 2701 1098 2767 bona,

228 2815 301 2872 quac
324 2795 522 2870 cupiditatem,
550 2795 731 2854 laetitiamve
758 2804 908 2864 moveant,
933 2804 1032 2854 tamen
1059 2797 1099 2854 eit

227 2895 335 2953 vitiosa
355 2896 420 2968 ipen
445 2895 611 2954 commotio.
633 2899 819 2958 constantem
846 2898 925 2954 enim
951 2898 1096 2971 quendam

226 2997 371 3064 volumus,
384 2994 525 3061 sedatum,
538 3009 668 3066 gravem,
692 2994 820 3051 bumana
845 2996 944 3054 omnia
966 3013 1097 3071 premen-

183 3209 186 3216 '
225 3145 1096 3276 flatenzrtuessgrssfflumintraturfireotpeffiffiffimpieremffi

226 3267 303 3320 ratior,
314 3265 449 3324 diligentior.
480 3262 589 3311 Brrberiue
600 3261 686 3311 felicem
696 3263 875 3310 emendabonem
885 3266 958 3310 vocat.
974 3267 1041 3307 reete.
1052 3275 1095 3309 uec

225 3325 328 3384 dubitavi
338 3325 437 3384 recipere
447 3338 496 3370 cum
506 3321 601 3370 Davlelo
610 3327 633 3367 et
646 3325 777 3369 Alenrnono.

255 3401 277 3432 ⁹⁴
290 3402 433 3448 etiamsinon
449 3403 509 3448 mutu
522 3427 532 3436 ·
547 3427 555 3436 ·
571 3415 611 3446 nec
627 3401 699 3460 bonu}
733 3400 815 3448 Deleri
832 3409 949 3463 utrumque
967 3415 1015 3458 mr,
1033 3400 1093 3470 quod

221 3462 260 3504 ert
270 3465 347 3504 contra
357 3475 451 3518 aeneum,
462 3461 494 3506 ila
509 3464 534 3505 et
550 3459 663 3518 Bentlejur
679 3469 701 3505 et
719 3462 855 3511 Alemaunur
872 3463 951 3511 iecere.
962 3475 1004 3510 nec
1018 3459 1093 3510 ludin

228 3515 276 3571 Mu.
289 3527 365 3568 vetere
377 3519 468 3568 Ursini:
483 3524 604 3570 autument
615 3520 781 3570 tooureeurt.
