2552 4208
226 315 293 388 ‘104
462 315 597 372 rusculi.
616 315 857 372 uurrsrrorrulr

227 464 394 543 ingemiseil
408 468 523 544 quidem
538 469 583 526 vir
596 468 677 528 fortir
697 485 733 526 ee
753 467 890 542 sepiem„
899 463 956 524 uiri
977 463 1051 524 rorte
1064 465 1097 522 ul

227 585 261 624 ee
274 567 407 629 intendet
421 570 457 626 ed
472 569 646 636 firmitatem,
659 575 691 626 ul
705 568 736 626 in
749 567 844 626 eladio
854 582 985 624 cursores
998 564 1098 622 exele·

227 672 319 734 muni,
346 684 431 742 quum
459 668 586 726 maxime
619 675 748 741 poreuut.
776 665 887 725 leeiunt
914 665 1002 732 idem,
1028 677 1098 720 eum

228 773 411 836 exercentur,
425 768 572 826 athletae:
594 768 705 842 pugile·
720 783 799 833 vero,
813 765 903 824 elium
912 781 979 822 eum
990 761 1098 820 leriuut

228 865 435 936 adversarium,
468 866 499 924 irr
527 867 677 940 jactandis
709 865 855 924 caestibus
882 861 1096 938 ingemiscuntr

227 967 391 1040 nomquorl
416 967 545 1033 doleant,
569 966 707 1025 animove
734 965 935 1031 eueeumbeul,
955 962 1008 1020 red
1030 957 1098 1035 quie

228 1065 427 1138 profundenda
442 1083 517 1124 voce
531 1083 619 1124 omne
640 1083 743 1139 eorpus
767 1065 939 1131 intenditur,
957 1059 1098 1134 venitque

175 1159 315 1240 elpraga
349 1167 562 1224 vehementior.
590 1163 684 1238 quid?
717 1165 767 1240 qui
801 1167 905 1222 volunt
930 1164 1097 1219 exclamare

229 1265 331 1338 majus,
342 1282 410 1322 num
424 1266 495 1323 uelle
510 1265 618 1322 hebent
629 1266 729 1332 lesere,
739 1266 847 1332 leuues,
861 1263 990 1337 linguam
1004 1261 1098 1318 inleu-

229 1364 308 1430 dem,
322 1382 339 1420 e
354 1364 456 1438 quibus
474 1354 574 1438 'l'ejici
591 1380 705 1432 voeem,
717 1369 748 1420 el
761 1363 844 1422 luudi
859 1356 1015 1420 videmus?
1035 1363 1098 1416 tolo

229 1481 359 1538 corpore,
382 1469 467 1538 elque
488 1464 622 1522 omnibu·
644 1463 768 1538 ungulis,
790 1469 820 1520 ut
840 1462 956 1530 dieitur,
978 1465 1098 1518 eumeu-

230 1566 304 1626 lioni
320 1566 401 1648 voqie
421 1565 593 1622 ereerviunl.
643 1564 730 1624 Genu
752 1565 918 1623 mehercule
941 1561 984 1620 lli.
1006 1561 1099 1618 Anio·

229 1666 310 1725 nium
335 1665 407 1732 vidi,
428 1682 495 1724 eum
515 1669 654 1724 conleule
675 1683 727 1739 pro
747 1683 779 1724 ee
801 1664 864 1738 ipre
886 1661 983 1736 “lege
1005 1658 1100 1718 Varie

163 1777 174 1786 “
228 1766 350 1832 diceret,
364 1771 468 1822 lerrem
483 1771 611 1840 langere.
627 1770 657 1822 ul
671 1766 751 1822 enim
773 1763 895 1822 belisiae
918 1761 1055 1834 lepidum,
1069 1760 1100 1814 el

229 1865 341 1938 relique
368 1869 513 1922 tormenta
538 1868 669 1932 mmmm,
693 1881 729 1924 eo
755 1863 904 1938 grevimee
927 1859 1099 1919 emissione·

231 1963 351 2028 hebent,
365 1979 420 2036 quo
440 1970 507 2021 eunt
529 1970 667 2022 eonleulu
687 1969 774 2038 elque
795 1963 921 2022 udduele
942 1963 1099 2019 vehemen-

230 2062 289 2118 liue
300 2081 310 2116 :-
328 2061 372 2118 eie
387 2055 457 2129 vtis,
478 2063 521 2120 sie
535 2081 643 2128 eureus,
657 2063 701 2122 sie
715 2065 810 2137 plage,
824 2064 880 2120 hoe
904 2061 1029 2135 gravior,
1042 2077 1099 2134 quo

231 2164 276 2216 eet
301 2160 387 2218 missa
401 2161 576 2219 contentius.
602 2162 686 2235 eujus
706 2154 905 2220 cenleulionie
929 2178 996 2218 eum
1017 2164 1100 2217 lenia

173 2297 182 2302 -
232 2258 279 2316 vis
293 2259 373 2324 silei
386 2253 510 2334 gemitus
523 2261 554 2319 in
569 2262 667 2320 dolere
678 2262 715 2318 ed
729 2261 959 2320 confirmandum
970 2260 1099 2317 animum

231 2359 353 2424 valebit,
374 2364 493 2416 utemur.
507 2361 552 2418 ein
574 2361 630 2418 eril
653 2361 704 2418 ille
717 2361 843 2434 gemitus
864 2358 1099 2426 “lamentabilie

228 2456 258 2515 ei
272 2457 443 2524 imbecillus,
457 2459 481 2516 si
496 2460 636 2534 abJeelue,
649 2460 673 2516 el
684 2460 805 2517 flebilis:
827 2459 856 2516 ei
869 2459 919 2534 qui
932 2477 963 2516 ee
977 2457 1101 2524 dederit,

232 2555 287 2614 vix
301 2575 367 2614 eum
390 2559 481 2616 virum
495 2559 630 2618 dixerim.
651 2559 829 2634 quiquidem
844 2559 968 2633 gemilue
982 2558 1007 2614 ei
1022 2560 1100 2614 leve·
1173 2593 1176 2600 ·

232 2657 320 2716 lionis
334 2659 442 2734 aliquid
463 2659 586 2726 afferret,
609 2664 707 2719 lemen
733 2659 909 2725 videremus,
932 2657 1000 2732 quid
1023 2659 1100 2712 eeeel

230 2756 320 2826 fortis,
334 2765 364 2814 et
377 2758 501 2816 animosi
517 2758 579 2816 viri.
594 2775 661 2816 eum
677 2775 747 2816 vero
761 2758 834 2816 uihil
849 2757 1002 2815 imminuet
1022 2757 1100 2812 ‹lulu-

230 2856 280 2920 rie,
293 2875 344 2914 eur
363 2858 465 2914 lruslra
479 2863 575 2931 lurpee
599 2877 663 2914 esee
687 2855 841 2915 volumus?
874 2857 941 2932 quid
963 2862 1008 2914 eel
1021 2857 1100 2914 enirn

231 2955 301 3014 fletu
316 2955 448 3012 muliebri
464 2957 527 3012 viro
551 2955 683 3029 turpius?
713 2959 811 3031 Alque
833 2957 889 3013 hoe
903 2962 1099 3029 praecepium,

233 3057 308 3131 quod
335 3057 372 3112 de
394 3057 493 3114 dolore
520 3057 613 3123 datur,
637 3062 717 3128 pelet
744 3056 840 3114 lelius.
867 3055 1000 3114 omnihus
1022 3056 1102 3115 enim

176 3228 184 3232 “
263 3184 345 3264 ’lure
353 3217 434 3276 urcem]
454 3215 511 3262 bene
521 3216 603 3262 dicitur
614 3217 664 3263 elici
673 3233 727 3264 voe:
741 3219 779 3264 red
790 3219 812 3266 h.
824 3219 838 3266 l.
851 3233 924 3266 sermo
933 3224 967 3265 eut
976 3218 1006 3265 de
1015 3217 1104 3264 edenda

233 3291 296 3324 voce.
313 3277 389 3338 itaque
399 3276 477 3322 melior
487 3282 521 3321 eet
531 3277 604 3322 allera
612 3277 679 3324 lectio
688 3277 710 3324 in
722 3278 779 3324 Mer.
791 3279 891 3326 aLamb.
903 3284 993 3340 reperta
1003 3279 1062 3338 ejici.

263 3355 287 3389 ⁹⁷
299 3357 346 3414 lege
359 3355 437 3416 Varia]
455 3369 476 3400 v.
491 3355 558 3400 ludex
569 3355 616 3402 Lu.
630 3357 652 3402 in
662 3358 705 3404 huc
717 3358 772 3417 lege.

264 3434 458 3494 ⁹8lterunlulrilr's]
485 3434 536 3478 edd.
564 3435 623 3492 vulg.
644 3437 811 3493 elamerrlubilir,
832 3452 897 3498 quem
917 3435 1036 3483 leelionem
1056 3435 1104 3481 lere

234 3493 320 3540 habeut
331 3495 388 3539 llllse.
401 3493 439 3538 sed
451 3499 473 3538 el
484 3494 533 3538 edd.
546 3496 653 3554 quaedam
669 3503 724 3544 velt.
736 3497 884 3544 lamentabilis
894 3497 985 3556 liabent,
1002 3503 1026 3542 ul
1042 3494 1102 3541 Ven-

236 3554 303 3600 Med.
315 3553 378 3598 lunt.
389 3558 431 3597 etc.
443 3552 465 3598 id
475 3552 551 3614 itaque
561 3555 629 3602 secuti
640 3571 719 3603 rumur.
