2558 4198
505 284 606 346 uana
620 283 753 346 mittut.
1007 301 1067 364 201

198 443 342 516 meat.
385 439 464 514 Quid
477 445 576 500 autem
589 446 662 508 erat,
674 442 751 516 quod
764 439 986 517 concupisceret
998 446 1070 506 daut

197 541 336 600 mundum
367 536 388 570 ³¹
402 539 494 614 signia
527 544 557 599 et
584 540 752 607 luminibus,
780 546 927 616 tamquam
954 544 1070 616 aeditis,

195 636 324 700 ornare?
343 635 407 705 ³⁵si,
427 642 458 696 ut
473 635 571 716 [deus]
587 639 650 712 ipse
672 640 777 698 meiius
798 642 960 712 habitaret3
981 649 1071 702 antea

197 737 340 798 videlicet
366 741 495 811 tempore
519 739 635 798 infinito
658 739 690 796 in
711 740 848 809 tenebris,
871 748 1017 814 tamquam
1038 744 1069 806 in

197 838 355 913 gurgustio,
375 837 568 896 habitaverat.
590 843 655 914 post
676 845 774 899 autem
795 840 978 898 varietatene
1002 854 1072 903 auru

196 937 339 996 delectari
362 943 504 1011 putamus,
527 955 584 1013 qua
608 941 722 1002 caetum
747 945 777 998 ct
803 943 892 998 terrae
914 943 1071 1003 exornatae

197 1035 353 1096 videmus?
367 1056 440 1113 quae
453 1037 510 1098 iata
520 1043 614 1112 potest
625 1057 690 1096 esse
699 1037 859 1097 oblectatio
867 1036 944 1096 deo?
957 1057 1031 1111 quae
1044 1037 1073 1098 ri

197 1140 285 1202 esset,
297 1153 354 1194 non
363 1154 399 1194 ea
410 1139 519 1200 tamdiu
529 1155 630 1197 carere
641 1139 791 1213 potuisset.
814 1139 864 1196 An
876 1137 959 1206 haec,
970 1143 1001 1196 ut
1011 1140 1071 1201 tere

195 1233 305 1302 dicitis,
318 1235 468 1296 hominum
482 1252 570 1296 causa
583 1257 601 1295 a
614 1239 672 1296 deo
685 1237 845 1296 constituta
856 1243 925 1295 sunt
939 1235 951 1296 i
987 1237 1070 1311 Sapi-

195 1331 358 1393 sntumne?
377 1341 494 1407 propter
512 1354 619 1408 paucos
633 1355 703 1412 ergo
717 1343 798 1394 tanta
817 1345 862 1394 est
876 1337 953 1394 iacto
975 1352 1070 1396 rerunt

196 1434 320 1492 molitio.
363 1435 414 1492 An
433 1433 611 1493 stultorum?
638 1442 670 1492 at
683 1436 807 1510 prinmm
821 1453 910 1494 causa
931 1452 991 1494 non
1005 1435 1069 1502 suit,

196 1549 249 1591 cur
275 1534 312 1590 de
336 1532 475 1605 improbis
503 1534 578 1592 benc
606 1541 770 1592 mereretur.
794 1535 903 1593 deinde
930 1535 1070 1607 quidest

195 1638 355 1698 assecutus,
379 1647 447 1696 cum
469 1647 572 1689 omues
596 1633 677 1690 stulti
701 1633 760 1690 sint
783 1633 847 1692 sine
867 1632 1070 1692 dubiomiser·

196 1731 277 1801 rimi3
299 1731 426 1790 maxime
440 1733 516 1806 quod
540 1732 622 1788 stulti
635 1737 720 1790 sunt:
752 1732 884 1790 miserius
907 1732 986 1790 enim
1001 1732 1070 1790 stui-

196 1830 263 1890 titia
276 1832 343 1905 quid
359 1848 507 1904 possumus
521 1828 645 1890 dicere?
664 1832 780 1901 deinde,
804 1830 825 1863 ³⁸
835 1833 911 1907 quod
922 1832 964 1890 ita
978 1833 1070 1898 muita

195 1935 263 1989 aunt
278 1931 461 1989 incommoda
476 1931 508 1988 in
534 1931 614 2012 vita„
630 1936 662 1988 nt
687 1948 723 1988 ea
737 1930 883 2005 sapientes
904 1932 1069 1990 commodo·

195 2027 1088 2104 mmmwwmmmmffimfflmmm'

195 2129 237 2186 tia
251 2135 379 2203 possunt,
392 2149 448 2188 nec
462 2130 536 2187 serre
551 2129 725 2204 praesentia.
769 2129 826 2202 Qui
843 2146 914 2186 vero
928 2130 1067 2186 mundum
1083 2121 1125 2178 10

194 2227 289 2302 ipsum
302 2230 481 2288 animantem
492 2230 711 2305 sapientemque
725 2247 790 2288 esse
804 2227 978 2298 illiserunt,³¹
987 2230 1069 2288 nulio

209 2381 248 2451 '³⁴
263 2383 334 2450 tignis
349 2387 369 2427 ct
387 2384 402 2428 l.
421 2388 533 2441 tnmqtmm
550 2383 638 2442 aedilis]
659 2387 694 2428 est
711 2383 801 2450 stegnas
812 2381 889 2452 litans„
899 2383 936 2453 qui
954 2387 1028 2430 tamen
1045 2382 1075 2429 in

197 2441 538 2567 {taurustaurus
545 2441 623 2544 {aar
634 2441 818 2558 :arrium
828 2439 981 2568 tartara
988 2443 1070 2548 ”nt

197 2557 258 2601 iudrs
276 2571 357 2602 ornare
373 2558 443 2602 torum
463 2563 487 2602 et
503 2572 557 2626 vaus,
579 2571 618 2616 per
638 2571 696 2626 quas¹
709 2571 791 2626 pompe
807 2557 916 2623 Cirnensis
935 2559 1069 2606 duceretur:

198 2617 257 2667 uude
266 2620 289 2660 ot
301 2617 384 2674 forum
393 2619 497 2661 ornatum
508 2617 596 2662 drrrtnr.
615 2617 675 2662 male
690 2624 757 2673 rgrtur
775 2619 844 2659 vertit
858 2615 974 2662 Olivetns:
1002 2633 1071 2664 anm

197 2675 215 2720 l’
225 2675 317 2720 uniusve
336 2675 363 2720 dc
371 2673 504 2731 firmianum
523 2675 649 2729 lauriacum,
668 2689 747 2719 crimme
756 2673 832 2730 so'roit
849 2687 883 2719 uu
897 2671 975 2720 Erue,
991 2676 1070 2722 matius

197 2749 253 2781 vero
262 2739 282 2780 st
291 2734 418 2780 luminibus
432 2733 515 2787 aberas,
527 2735 585 2794 quod
594 2733 716 2792 corrumpit
727 2735 805 2780 tusum.

180 2853 187 2868 ,
226 2815 248 2846 ³⁵
262 2809 602 2872 aiutDcusr'paemsla'usdnd.]
634 2812 698 2857 Deus
716 2813 806 2856 videtur
823 2810 1066 2865 ‹leirudum‚addituna

196 2887 210 2920 a
220 2873 350 2932 glossatore,
359 2876 384 2916 nt
394 2877 447 2916 unte
458 2870 526 2916 veruo
536 2871 601 2916 Deus
611 2871 712 2916 additum
720 2876 753 2916 est
763 2871 807 2925 ipse
819 2869 840 2913 in
848 2869 874 2914 M
879 2885 895 2913 s.
913 2869 986 2915 (inuti.

226 2951 249 2984 '³⁶
264 2950 361 3009 quodito
371 2949 442 2996 multa
452 2953 505 2996 suut
516 2947 561 2995 irre.
572 2949 599 2994 in
608 2949 662 3002 min,
677 2953 711 3004 ut,
727 2949 781 3009 etc]
799 2961 864 2994 nexus
881 2949 979 3012 requirit,
990 2951 1070 2999 deinde

197 3012 236 3056 stra*
245 3011 316 3054 multa
326 3013 379 3054 rrrvrt
392 3034 399 3042 -
417 3033 424 3042 ·
441 3014 513 3054 tomen
523 3024 546 3054 sn
557 3024 600 3063 suo.
613 3009 650 3054 ard
663 3023 702 3069 pro
710 3023 739 3056 eo
748 3007 873 3070 exquisitius
883 3011 937 3055 dixit
955 3009 987 3054 ito
999 3013 1069 3057 mutto

197 3074 257 3126 arant,
268 3073 294 3114 ut
304 3083 344 3113 eo.-
363 3067 377 3112 i.
396 3081 415 3112 o.
438 3068 480 3118 hoo
498 3067 625 3124 rnodo‚i1ac
640 3069 702 3129 qrraui
713 3069 769 3126 luge.
789 3067 829 3115 sed
838 3086 865 3116 rro
875 3069 932 3128 quod
951 3068 1068 3116 molestum

196 3141 244 3180 est:
261 3133 381 3194 maiimque
391 3132 476 3184 abesse,
488 3135 527 3176 aut
538 3145 585 3176 cunr
600 3131 690 3177 Davisio
700 3133 810 3191 corrigere
825 3149 898 3194 qartus.
912 3141 958 3179 tnur
970 3139 1019 3192 post
1029 3145 1071 3188 pro

195 3194 278 3296 ostdag
288 3198 350 3237 recte
360 3191 462 3238 Davisius
473 3190 543 3236 edidit
552 3195 665 3246 posvuute
676 3191 734 3240 Mas.
746 3193 823 3252 quibus
834 3203 856 3240 et
866 3194 939 3240 ticeli.
951 3189 1069 3248 cousentit,

195 3261 221 3298 et
231 3253 259 3298 ed
277 3286 281 3298 .
295 3257 351 3296 vett.

225 3331 249 3363 ³⁷
264 3345 287 3377 u.
300 3329 361 3376 modo
371 3345 390 3376 u.
402 3345 422 3376 n.
433 3333 548 3384 naturum,
566 3328 730 3434 inteiligcrttesi
746 3329 782 3376 hic
794 3330 881 3392 aliquid
893 3329 940 3375 vitii
950 3335 1001 3388 ost3
1018 3341 1069 3378 nau

197 3404 272 3436 certans
282 3391 409 3435 commodus
420 3403 462 3434 non
474 3387 566 3434 efficitur
576 3389 715 3434 consentinus
733 3391 838 3435 atinitati.
857 3389 960 3437 Davisius
971 3387 1069 3442 volebat,

185 3449 416 3506 „nonintcttr'geutcvr
436 3449 494 3507 quod
513 3461 557 3492 uon
576 3446 721 3506 plucetsutis.
755 3447 823 3494 Venit
842 3449 895 3494 mihi
916 3450 937 3496 in
955 3453 1067 3494 tuentem:

197 3509 262 3612 21ιὲἱῦὶί
280 3508 341 3553 modo
359 3507 472 3565 uiderunt,
488 3505 562 3554 ocimi
576 3511 658 3552 notura
675 3506 821 3566 intrttv'gratis
840 3508 867 3555 iu
885 3523 950 3567 qaum
963 3506 1069 3567 figurem

209 3615 212 3622 ,
263 3580 274 3610 ι
280 3571 356 3622 portu.

240 3661 312 3704 von.
328 3664 380 3704 xv.
635 3649 671 3701 24
684 3640 699 3670 *¹
