2548 4208
227 441 292 505 '212
461 429 596 486 tuscul..
613 387 856 492 Qvfflulolluld

211 601 295 644 -nam
317 589 350 644 nt
369 583 433 645 illic
452 587 505 646 alli
531 588 698 662 corporibus
721 589 892 648 exercitali·
921 589 1044 665 gloriam
1065 596 1098 652 et

224 683 409 744 nobilitatem
433 703 560 746 coronae
579 693 728 762 peterent:
749 689 800 748 clii
816 690 943 757 emendi,
956 697 1007 748 aut
1027 709 1098 750 ven·

224 785 314 844 dendi
340 792 461 862 quaestu
494 793 525 845 et
558 779 646 846 lucro¹
668 789 858 848 ducerentnm
893 794 971 847 ercet
999 793 1097 848 autern

224 885 368 960 quoddam
382 903 475 960 genua
488 903 597 955 eorum,
620 887 708 962 ldque
722 889 770 944 vel
785 888 915 946 maxime
927 887 1096 962 ingenuum,

223 982 274 1058 qui
288 1001 344 1042 nec
361 987 504 1057 plaurum,
518 1001 574 1042 nec
594 987 706 1042 lucrum
720 990 900 1060 quaererent,
914 988 965 1044 aed
980 981 1096 1044 uiuendi
1143 1019 1145 1022 -

223 1073 321 1140 eauea'
332 1084 477 1151 venirent,
489 1083 673 1159 studioseque
693 1083 983 1159 perspicerentuqnid
997 1101 1095 1160 agere·

223 1171 278 1248 tui,
293 1187 324 1240 et
335 1198 393 1257 quo
413 1183 518 1240 modo:
538 1180 608 1239 ¹'ita
623 1199 676 1240 noa
696 1183 778 1258 quari
791 1183 823 1242 iu
836 1188 982 1242 mercabrr
1001 1199 1090 1258 quau·

222 1281 290 1342 dam
303 1283 503 1340 celebritatem
525 1298 563 1338 ex
578 1283 647 1339 urbe
661 1283 766 1356 aliqua,
779 1283 823 1340 cic
843 1282 874 1340 in
899 1283 977 1340 banc
999 1281 1094 1343 vitun

222 1399 262 1440 ex
276 1380 335 1439 alia
348 1380 410 1438 vita
428 1386 459 1438 et
473 1385 575 1438 nutura
589 1382 743 1454 proiectos,
756 1381 829 1438 alior
849 1379 959 1454 gloriae
972 1377 1094 1448 servire,

221 1479 296 1538 alioo
323 1479 484 1553 pecuniae:
516 1495 600 1537 raroe'
624 1495 688 1538 eece
703 1473 705 1478 ’
722 1481 871 1552 quoeda'm,
898 1480 958 1553 qui,
985 1473 1093 1536 celeria

221 1579 355 1636 omuibus
369 1571 425 1652 oro¹
438 1577 533 1636 nihilo
553 1577 669 1646 habitio,
690 1571 786 1635 rerum
808 1582 940 1634 naturam
963 1574 1092 1635 etudioee

184 1743 188 1752 ,
221 1665 419 1735 intuerentur:
440 1677 493 1734 bor
506 1695 539 1736 ae
553 1679 699 1750 appellare
713 1675 874 1756 sapientiae
896 1674 1048 1741 etudioeoa,
1060 1673 1093 1734 id

221 1779 357 1834 eratenim
370 1775 557 1850 pbiloeophoo
570 1794 577 1830 ε
598 1781 628 1830 et
642 1779 674 1830 ut
686 1774 748 1831 illic
763 1771 996 1830 liberaliraim'um
1007 1775 1093 1841 ercet,

220 1881 364 1947 spectare,
385 1873 457 1931 nibil
483 1871 541 1929 eibi
567 1872 775 1945 acquirentem,
795 1869 839 1928 sic
860 1869 893 1926 iu
917 1871 987 1928 vita·
1004 1873 1091 1945 longe

98 1991 100 1996 ·
219 1972 353 2031 omnibur
386 1969 490 2028 studiis
517 1969 798 2041 contemplationem
830 1983 924 2025 rerum
950 1969 1092 2044 cognitio·

189 2077 345 2145 Anemque
373 2073 528 2142 praeclare.
570 2068 637 2124 Neo
665 2084 736 2124 vero
761 2066 941 2141 Pythagoraa
965 2067 1090 2126 nominie

206 2171 312 2228 ¹colum
326 2169 472 2233 inventor,
486 2167 539 2224 aed
553 2183 646 2224 rerum
657 2163 884 2239 etiam‘ipearum
898 2165 1090 2239 amplificator

218 2267 283 2326 luit.
324 2267 383 2341 Qui
409 2283 476 2324 oum
499 2270 564 2339 poet
585 2265 663 2324 hunc
678 2263 849 2323 'Phliasium
872 2281 1034 2322 sermonem
1058 2263 1089 2322 in

175 2385 176 2392 ¹
219 2366 338 2426 ltaliam
371 2365 511 2432 venisset,
538 2365 694 2424 exornavit
728 2381 793 2421 eam
821 2362 987 2428 Graeciam,
1013 2379 1088 2433 quae

218 2481 325 2539 magna
335 2463 414 2522 dicta
428 2469 482 2532 eet,
496 2467 527 2522 et
539 2449 688 2538 priuatim,
701 2468 731 2520 et
743 2459 1088 2535 publicamueetantieei·

219 2565 277 2623 mie
286 2568 316 2620 et
328 2563 468 2622 institutio
482 2562 641 2620 et‘artibue.
682 2562 773 2636 Cujus
787 2563 824 2618 de
839 2559 994 2633 disciplina
1007 2559 1087 2617 aliud

218 2666 332 2735 temque
355 2662 441 2720 luerit
458 2661 578 2718 tonuere
598 2659 726 2718 dicendi.
768 2661 827 2718 Sed
841 2663 878 2716 ab
892 2659 1010 2732 autiqm
1026 2657 1087 2731 phi·

216 2759 350 2834 loaopbia
364 2778 453 2835 neque
474 2761 511 2815 ud
528 2759 764 2834 Socratem‘qui'
780 2760 969 2824 Archelaum,
984 2758 1086 2814 Anax·

218 2875 323 2933 ugerae
363 2859 546 2932 discipulum,
598 2859 738 2926 audierat,
782 2857 895 2916 numeri
935 2862 1085 2930 motusque

218 2960 424 3025 tractabantur,
444 2964 476 3014 et
501 2960 577 3016 unde
598 2960 697 3016 omnia
717 2960 868 3024 orirentur,
893 2973 988 3030 quove
1007 2971 1085 3012 rece·

217 3055 335 3112 dorent:
367 3053 550 3128 studioseque
577 3059 614 3111 ab
642 3055 687 3112 bia
710 3056 835 3114 siderum
862 3053 1085 3128 magnitudinem

217 3153 382 3218 intervalla,
395 3168 494 3210 oureus
508 3153 742 3226 anquirebantur,
756 3161 786 3210 et
805 3161 913 3213 cuncta
936 3150 1084 3210 caelestia.

219 3253 355 3308 Socrates
382 3256 478 3306 aulem
508 3250 615 3323 primus
642 3250 854 3322 philosophiam
887 3252 1085 3318 devocavite

217 3351 310 3416 caelo,
323 3353 353 3405 et
374 3347 405 3405 iu
430 3349 546 3406 urbibus
571 3347 741 3414 collocavit,
762 3355 791 3404 et
815 3348 846 3408 iu
868 3352 969 3410 dumos
994 3352 1084 3408 etiam

217 3444 387 3514 introduxit,
408 3451 437 3502 et
459 3446 557 3521 co'e'git
577 3449 614 3504 de
636 3447 707 3514 vita,
732 3452 762 3505 et
786 3448 920 3517 moribus,
943 3452 1084 3522 rebusque

162 3591 163 3596 ,
217 3543 301 3600 honio
329 3550 359 3600 et
386 3545 470 3601 malie
504 3564 649 3621 quaerere.
706 3548 797 3623 Cujus
829 3549 982 3621 multiplex
1010 3547 1086 3604 ratio

246 3691 269 3728 ¹²
282 3693 314 3742 ito
322 3695 370 3756 nor]
386 3695 468 3758 itnpro
476 3699 529 3748 item
538 3700 601 3750 dedit
610 3700 720 3750 Davisius.
731 3701 796 3752 bene.
805 3703 836 3752 ric
845 3705 869 3749 et
878 3701 925 3750 Mc.
937 3699 1012 3750 doale
