2552 4208
230 349 295 410 156
472 339 607 394 WECUL.
623 339 867 399 QUABSTIONUM

229 491 327 566 igitur,
341 495 371 550 ut
384 491 416 550 in
428 495 524 552 oauair
543 511 601 553 non
620 511 735 570 semper
758 496 865 554 utimur
884 497 988 556 eodem
1006 501 1100 573 atain:

229 587 288 666 (aio
316 591 395 650 enim
418 596 598 666 appellamus
621 596 884 653 controversiarum
903 597 1025 674 genera)
1048 601 1101 659 aed

230 692 268 750 ad
290 695 412 766 tempus,
426 695 462 751 ad
482 697 701 752 controveraiae
723 699 864 762 naturam,
888 697 924 752 ad
946 713 1101 772 personam

228 793 500 850 accommodamus:
526 793 570 851 aio
595 792 625 850 in
649 794 831 867 aegritudine
855 795 993 854 lenienda
1014 813 1101 872 quam

228 890 348 966 quiaque
362 892 541 950 curationem
553 892 683 966 recipere
696 892 793 965 poenit,
810 893 968 951 videndum
984 901 1040 952 eat.

269 991 330 1048 Sed
344 991 445 1049 neaoio
459 1007 516 1066 quo
530 999 617 1065 paoto
630 995 667 1048 ab
687 1010 733 1058 eo,
753 993 828 1068 quod
845 999 906 1048 erat
921 1011 939 1048 a
953 1001 983 1050 te
998 1010 1099 1068 propo-

227 1089 326 1158 aitum,
339 1091 485 1149 aberravit
496 1091 597 1148 oratio.
613 1101 643 1147 tu
666 1091 745 1148 enim
770 1091 807 1146 de
821 1091 955 1163 sapiente
969 1093 1101 1167 quaesta·

227 1206 293 1248 raa:
313 1191 362 1249 oui
376 1198 425 1250 aut
440 1194 547 1248 matum
567 1191 662 1247 videri
678 1192 787 1246 nuttam
803 1196 906 1260 poteat,
920 1193 996 1266 quod
1011 1195 1100 1252 vaoet

228 1291 424 1362 turpitudine:
446 1297 495 1348 aut
513 1291 555 1348 ita
581 1307 701 1362 pervum
724 1291 840 1356 malum,
859 1299 889 1346 ut
913 1291 942 1347 id
965 1293 1102 1352 obruatur

228 1389 383 1462 sapientia,
404 1389 515 1462 vixque
530 1395 683 1462 appareat:
705 1388 753 1461 qui
768 1388 840 1446 nihii
855 1389 995 1460 opinione
1018 1391 1098 1450 affin·

227 1493 287 1564 gat,
301 1495 483 1564 assumatque
496 1489 533 1545 ad
556 1487 784 1561 aegritudinem:
807 1505 863 1545 neo
887 1488 918 1545 id
939 1494 1019 1562 putet
1034 1505 1100 1550 eaaa

227 1597 347 1654 rectum,
360 1607 394 1646 ae
408 1605 493 1664 quam
508 1587 637 1644 maxime
647 1587 810 1644 exomoiari
826 1590 961 1662 tractuque
975 1589 1098 1648 confici:

227 1707 284 1765 quo
298 1691 415 1763 pravius
431 1689 501 1747 nihii
517 1707 581 1745 ease
598 1688 696 1762 poaeit.
712 1686 830 1744 edocuit
844 1693 941 1744 tamen
964 1688 1048 1757 ratio,
1067 1691 1100 1747 ut

226 1789 300 1846 mihi
321 1789 437 1862 quidem
460 1788 585 1854 videtur,
608 1803 675 1844 oum
700 1788 755 1842 hoo
781 1788 876 1858 ipsum
902 1787 1017 1861 proprie
1040 1804 1100 1846 nou

227 1892 411 1963 quaereretur
435 1888 490 1943 hoo
515 1893 654 1960 tempore,
680 1903 748 1942 num
775 1867 850 1960 quod
873 1893 951 1944 eeaet
974 1891 1092 1956 matum,

226 1986 285 2045 niai
297 1987 373 2060 quod
394 1987 472 2043 idem
486 1987 546 2044 diei
563 1994 644 2060 turpe
669 1991 782 2060 poraet:
815 1991 913 2042 tamen
928 1991 958 2042 ut
983 1987 1095 2044 videre·

226 2103 299 2153 mua,
313 2085 451 2160 quidquid
465 2094 542 2144 esset
555 2085 586 2144 in
601 2085 783 2160 aegritudine
802 2087 881 2153 maii,
896 2087 925 2143 id
942 2103 999 2143 non
1015 2091 1097 2144 natu·

225 2189 287 2245 rate
311 2204 385 2253 ease,
406 2189 457 2244 aed
473 2184 770 2257 voluntariojudioio,
789 2195 819 2242 et
833 2186 980 2258 opinioni:
1003 2201 1098 2242 errore

225 2293 417 2345 contractum.
460 2286 634 2344 Tractatum
648 2296 691 2344 eet
712 2296 841 2345 autema
857 2285 940 2343 nobie
959 2287 989 2342 id
1003 2298 1095 2357 genua

224 2386 423 2460 aegritudinis,
438 2387 513 2460 quod
528 2403 617 2443 unum
628 2391 671 2444 eat
685 2387 815 2444 omnium
824 2385 992 2450 maximum,
1006 2391 1046 2449 ut.
1060 2399 1097 2440 eo

223 2487 349 2553 subiato,
364 2486 536 2560 reliquorum
551 2487 679 2543 remedia
691 2505 727 2544 ne
739 2502 912 2560 magnopere
931 2483 1097 2560 quaerenda

170 2602 214 2664 34
225 2587 434 2644 arbitraremur.
472 2585 548 2642 Sunt
572 2585 649 2642 euim
669 2593 843 2660 certa‚quae
865 2585 902 2641 de
914 2590 1098 2658 paupertate:

224 2692 305 2745 certa
337 2705 411 2763 quae
440 2687 477 2744 de
516 2683 576 2741 vita
601 2684 783 2754 inhonorata,
820 2687 851 2740 et
882 2682 1007 2754 ingloria
1031 2681 1093 2738 dici

223 2789 348 2845 soleant.
381 2784 537 2861 separatim
562 2791 660 2841 certae
684 2785 803 2842 eohotae
822 2787 891 2837 aunt
918 2778 955 2832 de
978 2778 1094 2846 exsilio,

223 2873 261 2944 de
295 2886 414 2944 interitu
447 2885 569 2960 patriae,
606 2886 643 2941 de
676 2882 828 2944 servitute,
861 2877 899 2933 da
932 2875 1094 2948 debititate,

124 3031 128 3044 .
222 2985 260 3042 de
288 2985 442 3052 caecitate.
476 2991 507 3042 et
534 2986 570 3040 de
596 2981 677 3040 omni
709 2995 797 3037 earu:
831 2977 870 3034 iu
894 2993 950 3052 quo
983 2993 1091 3034 nomeu

223 3086 293 3159 poni
317 3088 392 3143 notet
406 3083 593 3142 calamitatis.
612 3083 688 3137 haee
713 3075 822 3134 Graeci
836 3075 1003 3151 iuainguiaa
1014 3076 1097 3130 roho·

221 3182 275 3254 lae,
302 3192 332 3241 et
356 3185 388 3242 in
408 3183 537 3256 singulos
554 3180 643 3237 libros
669 3173 850 3248 dispertiunt.
883 3173 989 3248 35οριιε
1014 3172 1094 3228 enim

222 3291 363 3360 quaerunt
392 3297 582 3360 :quamquam
606 3279 711 3352 ptenae
736 3273 947 3345 disputatione:
970 3271 1097 3328 detecta·

222 3384 311 3444 tionie
332 3391 408 3442 aunt.
450 3383 490 3440 Et
508 3385 617 3448 tamen,
629 3381 662 3436 ut
686 3375 804 3445 medici,
822 3380 884 3432 toto
904 3383 1026 3446 camora
1047 3385 1096 3428 ou·

253 3535 277 3568 ³⁵
291 3551 345 3592 vdua
355 3539 414 3584 mim
423 3535 543 3596 puerunt]
562 3533 637 3593 jocoee
654 3533 677 3582 in
687 3521 838 3603 philosophos,
849 3530 887 3640 riui
896 3525 1008 3578 reribendi
1023 3527 1094 3572 mate·

223 3593 281 3640 riam
298 3597 362 3640 anxie
376 3595 560 3656 quaerunt,aieut
574 3608 683 3658 paupera:
699 3607 837 3643 omauouem
863 3590 972 3640 :bannui
988 3590 1013 3637 tt
1028 3597 1097 3648 qm·

223 3653 297 3712 rendi,
306 3654 365 3702 uude
376 3654 460 3703 vivant.
