2558 4198
470 369 719 422 nraenrnnuu.
978 373 1041 436 315

171 525 299 584 nendum
323 523 383 580 boc
404 538 479 588 esse,
493 522 565 578 deur
579 525 609 577 ut
625 520 726 578 beatus
747 517 973 593 immortalisque
993 517 1041 578 ait.

172 624 250 698 Quid
274 627 371 680 autem
385 622 490 688 obstat,
504 637 561 695 qun
585 620 679 677 miuus
694 619 731 677 sit
747 621 858 687 beatus,
878 619 903 676 ei
924 635 983 676 nou
1004 613 1044 677 sit

78 705 82 712 ’
168 719 276 796 bipes?
296 726 345 779 aut
359 720 425 788 ista,
439 719 504 777 sive
519 719 652 786 beatitas,
667 718 731 777 sive
746 719 896 777 beatitudo
916 719 1045 776 dicentia

169 827 224 888 est,
243 817 407 897 (utrumque
426 819 547 877 omnino
558 819 669 886 durum,
683 819 734 877 sed
748 837 801 876 usn
823 818 980 876 mollienda
996 835 1045 875 no-

166 907 212 978 bis
227 919 316 976 verba
331 917 410 997 aunt)
431 936 532 977 verum
558 935 602 987 eo,
631 936 828 995 quaecumque
853 923 907 985 est,
920 933 973 973 cur
994 921 1045 974 aut

169 1019 201 1076 in
215 1020 306 1076 sotem
319 1019 410 1087 ilium,
427 1019 518 1077 autin
534 1018 611 1077 hunc
627 1021 776 1084 mundum,
791 1021 840 1074 aut
861 1015 893 1074 in
918 1015 1044 1090 aliquam

170 1123 301 1176 mentem
315 1125 473 1187 aeternam,
489 1119 579 1194 figura
598 1117 792 1190 membrisque
814 1114 942 1188 corporis
957 1131 1044 1172 vacu-

169 1235 227 1287 am,
240 1218 346 1276 cadere
360 1237 419 1276 non
435 1215 553 1292 potest?
594 1218 678 1274 Nihil
694 1217 772 1273 atiud
786 1215 871 1280 dicis,
884 1214 952 1282 nisi,
965 1231 1044 1272 num·
1138 1255 1145 1266 .

171 1335 256 1394 quam
272 1317 335 1376 virli
349 1320 440 1375 sotem
454 1324 502 1374 aut
518 1319 655 1375 mundum
671 1318 795 1373 beatum.
838 1311 942 1387 Quid?
962 1331 1043 1371 mun-

169 1417 247 1485 dum,
261 1417 471 1490 praeterhuuc,
486 1433 658 1490 umquamne
674 1411 799 1473 vidisti?
820 1415 951 1489 negabis.
984 1413 1044 1470 Cur

168 1515 258 1589 igitur
269 1533 327 1572 nou
342 1520 483 1572 sexcenta
498 1514 590 1572 millia
611 1531 675 1570 esse
690 1515 870 1581 mundorum,
884 1513 935 1569 sed
960 1511 1051 1567 innnae

170 1615 322 1672 merebitia
333 1631 417 1670 ausus
427 1632 458 1670 es
469 1614 568 1670 dicere
579 1610 591 1670 i
611 1612 699 1670 Ratio
713 1613 821 1670 docuit.
855 1613 933 1685 Ergo
943 1612 1004 1687 boc
1015 1615 1045 1666 ts

168 1713 245 1772 ratio
259 1731 316 1771 non
331 1713 458 1781 docebit,
472 1729 538 1770 cum
554 1711 800 1786 praestantissima
811 1715 913 1767 natura
927 1725 1045 1784 quaera-

169 1817 224 1881 tur,
238 1830 329 1888 eaque
343 1815 430 1870 beata
456 1818 487 1870 et
512 1819 640 1891 aeterna,
654 1827 729 1886 quae
748 1813 810 1869 sola
823 1809 927 1867 divina
941 1815 1044 1866 natura

168 1917 246 1980 sunt,
268 1919 299 1970 ut
323 1911 541 1969 immortalitate
556 1911 709 1968 vincamur
732 1912 769 1970 ab
796 1927 832 1968 ea
860 1914 974 1974 natura,
999 1908 1043 1967 sic

168 2012 259 2070 animi
275 2011 451 2086 praestantia
473 2011 573 2068 vinci:
594 2015 679 2086 atque
694 2015 726 2068 ut
739 2007 840 2077 animi,
854 2009 926 2066 item
940 2025 1041 2082 corpo·

167 2109 227 2170 ris?
245 2112 407 2188 curigitur,
433 2127 500 2170 cum
524 2109 630 2168 ceteris
657 2112 740 2167 rebus
764 2106 916 2166 inferiores
941 2107 1051 2176 simus„

166 2211 258 2268 forma
291 2229 374 2284 pares
405 2207 526 2268 snmus?
566 2209 603 2266 ad
630 2209 852 2266 similitudinem
879 2205 1041 2264 enimdeo

171 2312 287 2388 propius
302 2312 462 2368 accedebat
482 2295 608 2367 bumana
622 2310 723 2376 virtus,
746 2325 832 2384 quam
847 2307 946 2382 figura.
989 2307 1039 2365 Au
1052 2303 1092 2362 35

167 2410 321 2484 quidquam
335 2400 395 2464 tam
410 2407 520 2481 puerile
544 2406 605 2463 dici
620 2411 713 2478 potest
733 2404 779 2481 (ut
803 2409 929 2465 eundem
943 2409 1045 2465 iocum*

168 2506 275 2564 ‹tiutius
290 2505 420 2582 urgeam)
440 2505 561 2580 quamsi
576 2521 610 2560 aa
625 2520 734 2577 genera
747 2505 905 2574 beluarum,
918 2524 991 2581 quae
1008 2508 1040 2565 iu

169 2607 253 2664 rubro
274 2605 494 2672 mari,1ndiave
514 2603 678 2679 gignantur,
692 2603 773 2660 nulla
799 2621 863 2660 esse
886 2603 1018 2670 dicamus
1029 2605 1041 2663 t

169 2705 260 2780 Atqui
284 2723 322 2762 ue
342 2703 530 2761 curiosissimi
556 2704 673 2778 quidem
701 2701 834 2760 homines
861 2703 1041 2776 exquirendo

166 2804 265 2862 audire
295 2810 353 2862 tam
381 2803 471 2860 muita
498 2808 626 2876 possunt,
641 2819 727 2878 quam
753 2806 821 2860 aunt
845 2803 944 2869 mutia,
966 2819 1040 2877 quae

168 2909 252 2971 terra,
267 2902 348 2969 mari,
363 2901 524 2976 paludibus,
539 2900 706 2960 fluminibus
721 2901 881 2960 exsistunt:
903 2918 977 2978 quae
991 2919 1040 2958 ne-

166 3020 267 3078 gemus
282 3019 355 3070 esse,
366 3001 433 3076 quia
445 3017 601 3077 numquam
617 3001 750 3060 vidimus.
786 2999 855 3076 ipsa
869 3016 940 3058 vero
954 3015 1039 3076 quam

166 3101 241 3162 nibil
262 3102 298 3158 ad
323 3117 384 3158 rem
408 3101 543 3172 pertinet,
564 3117 638 3176 quse
660 3117 714 3158 vos
741 3102 871 3159 delectat
900 3093 1039 3168 maxime,

165 3197 352 3260 similitudo?
373 3197 477 3273 Quint
498 3198 582 3258 canis
597 3217 695 3258 nonus
709 3198 812 3258 similis
827 3197 922 3276 tupo?
942 3206 1039 3278 atque,

167 3304 199 3368 ut
214 3299 337 3370 Ennius,

317 3453 386 3504 Simia
395 3467 462 3516 quana
476 3453 562 3513 similis,
577 3453 703 3516 turpissima
717 3453 796 3515 beatis,
806 3451 891 3506 nobis?

169 3600 200 3656 at
215 3609 314 3656 -nrores
333 3595 498 3672 inutraque
518 3593 657 3670 dispens.
697 3595 863 3672 Elephanto
890 3597 1037 3658 beluarum
