2558 4198
197 291 283 366 'm
464 281 511 332 en
530 279 671 332 narona
688 263 832 330 necsunt

212 433 305 495 maris
337 433 551 507 centemplsns,
580 431 732 492 hominnm
763 429 918 488 commode
950 425 1086 503 vitasque

213 539 343 594 nseslm:
363 549 420 590 nae
441 531 494 590 ille
520 537 566 592 est
593 532 760 608 implicatus
792 528 924 588 molestis
952 527 1089 602 negotiis,

214 638 247 692 et
265 631 403 707 operosis
443 631 508 690 Nos
539 635 640 690 sutem
672 633 789 689 beatam
818 629 911 687 vitam
929 627 962 686 in
994 625 1089 684 animi

213 731 380 798 maante,
393 735 424 788 et
446 731 479 788 in
502 731 633 791 omnium
657 731 814 790 vacatione
833 744 984 786 munerum
1007 725 1089 800 poni-

215 848 289 890 mns.
315 828 416 889 docuit
439 831 519 889 enim
546 849 601 890 nos
631 829 651 864 '¹
665 832 754 900 idem,
780 829 830 906 qui
856 834 965 896 cetera,
986 833 1089 884 natura

215 930 352 990 ell'ectum
378 948 443 988 esse
467 932 622 990 mundum:
642 931 716 989 nilsil
747 947 819 1004 opus
842 929 931 987 luisse
961 925 1089 995 falarica,

216 1035 334 1106 temque
348 1045 414 1088 eam
435 1049 496 1088 rem
509 1049 573 1088 esse
594 1030 720 1100 facilem,
735 1047 822 1106 quam
836 1046 890 1087 vos
904 1028 982 1086 ellici
1003 1044 1089 1101 nege-

217 1131 256 1188 tis
289 1131 353 1189 sine
385 1129 489 1187 divina
517 1149 601 1205 posse
634 1131 773 1199 sollertis,
802 1135 836 1188 ut
862 1127 1090 1186 innumerabiles

218 1235 322 1288 natura
342 1234 464 1290 mundos
478 1232 615 1289 ell'ectura
629 1231 677 1299 sit,
691 1230 809 1298 efficiat,
822 1229 962 1288 effecerit.
1004 1223 1091 1298 Quod

218 1329 286 1406 quia
299 1332 541 1405 quemadmodum
555 1335 659 1388 natura
672 1331 787 1388 efficere
802 1329 868 1386 sine
881 1327 977 1400 aliqua
990 1330 1091 1382 mente

149 1439 151 1450 '
219 1428 320 1504 possit,
343 1445 402 1486 uon
424 1430 546 1488 videtis:
568 1437 600 1496 ut
624 1429 728 1505 tragici
761 1428 877 1504 po'e'tae,
903 1443 969 1486 cum
998 1423 1092 1497 eupli·

219 1545 287 1588 cere
302 1530 464 1604 argumenti
488 1531 600 1588 exitum
619 1527 708 1587 ”uon
732 1529 863 1604 potestis,
877 1525 1033 1601 confugitis
1053 1523 1093 1582 ad

220 1628 324 1686 deum:
347 1630 429 1703 cujus
457 1648 576 1703 operam
604 1630 734 1704 prolecto
761 1647 820 1687 non
841 1625 1053 1693 desideraretis,
1066 1623 1096 1682 si
1179 1657 1183 1663 -

220 1727 393 1786 immensam
416 1735 446 1787 et
467 1728 685 1788 interminatam
707 1730 739 1787 in
765 1745 866 1786 omnes
895 1731 992 1800 partes
1015 1741 1093 1799 mog·

221 1827 386 1885 altudinem
397 1830 550 1903 regionum
566 1830 724 1886 videretis:
745 1828 776 1886 in
797 1844 883 1902 quem
903 1844 935 1883 se
956 1825 1094 1900 injiciens

221 1925 337 1983 suimus
364 1931 395 1983 et
418 1927 584 1997 intendem,
604 1929 646 1986 ita
674 1931 732 1987 late
761 1926 903 2002 longeque
931 1925 1095 2000 peregrina·

222 2029 278 2094 tur,
298 2030 330 2082 ut
354 2028 465 2084 nullam
496 2032 594 2085 tomen
621 2041 702 2084 oram
723 2027 817 2085 ultimi
840 2026 949 2094 videat,
977 2026 1008 2082 in
1038 2041 1096 2099 que

222 2123 314 2200 possit
333 2124 480 2182 insistere.
521 2126 557 2184 ln
579 2129 639 2184 hac
649 2127 738 2201 igitur
751 2126 949 2185 immensitate
969 2124 1097 2184 latitudi-

222 2239 303 2292 num,
318 2223 539 2298 longitudinum,
559 2227 754 2294 altitudinum,
768 2227 883 2284 inlinite
903 2225 950 2283 vis
964 2224 1096 2282 innume·

223 2323 358 2382 nubilium
381 2324 485 2383 volitat
516 2309 693 2386 atomorum}
728 2345 812 2404 quac,
832 2327 986 2400 interjecto
1004 2325 1096 2394 inani,

225 2425 436 2484 oollaerescuut
450 2432 548 2484 tamen
564 2428 640 2485 inter
653 2447 694 2498 se,
709 2435 739 2486 et
753 2430 829 2487 aliae
850 2429 923 2486 alias
938 2427 1098 2501 apprehen·

225 2525 329 2582 dentes
345 2525 569 2585 continuantur:
601 2547 639 2586 ex
659 2547 716 2603 quo
740 2521 904 2587 efficiuntur
922 2529 978 2586 hae
1003 2543 1097 2585 rerum

225 2622 334 2682 lormae
361 2631 447 2700 alque
468 2628 598 2701 figurae:
633 2625 705 2702 qua's
725 2637 786 2684 'vos
814 2628 891 2686 effici
920 2643 1004 2701 posse
1031 2626 1097 2682 sine

227 2723 342 2781 follibus
356 2730 385 2781 et
400 2725 553 2782 incudibus
568 2741 626 2783 non
642 2727 757 2800 putatis.
799 2729 902 2802 Itaque
920 2724 1099 2800 imposuistis

227 2821 259 2882 iu
273 2823 437 2882 cervicibus
459 2827 564 2884 nostris
588 2829 796 2904 sempiternum
824 2810 983 2894 dominum,
1010 2843 1098 2900 quem

227 2923 300 2991 dies,
309 2930 339 2980 et
348 2930 448 2982 noctes
458 2925 634 2983 timeremus.
651 2927 810 2999 Quisenim
821 2945 879 2985 non
888 2927 989 2984 tirneat
998 2925 1099 2982 omnio

228 3024 442 3097 providentem,
463 3030 493 3082 et
507 3025 696 3100 cogitantem,
710 3031 741 3083 et
761 3027 1054 3092 animadvertentem,
1068 3028 1102 3082 et

228 3123 328 3180 emnia
342 3123 378 3178 ad
393 3141 424 3179 se
439 3124 586 3196 pertinere
599 3130 758 3197 putantem,
772 3126 926 3194 curiosum,
936 3131 965 3182 et
979 3128 1100 3198 plenum

229 3222 341 3297 negotii
354 3219 462 3280 deum?
489 3223 569 3282 Hinc
579 3223 663 3281 vobis
678 3225 792 3286 exstitit
806 3224 989 3300 primumilla
1002 3223 1099 3282 letalis

259 3397 279 3430 ⁰¹
294 3397 360 3454 idem,
371 3397 507 3462 maiestate]
539 3397 655 3462 Epicurus.

260 3477 282 3508 ⁸²
296 3490 341 3523 non
350 3478 443 3546 notastis]
466 3479 534 3529 valde
544 3478 629 3529 inclino
638 3493 673 3540 eo,
685 3480 800 3540 utpontnt
819 3481 938 3546 legendum
946 3463 1034 3544 priten*
1048 3489 1102 3528 nan

231 3533 516 3588 etiamdurrusreleratur.
1103 3572 1107 3580 ·
