3354 4234
683 341 725 401 50
925 331 1316 388 ceremoniarum

682 479 751 538 cani
765 479 858 538 fratria
869 499 969 556 nepot,
982 481 1058 541 facie
1071 483 1120 540 ret
1134 481 1233 557 patria,
1244 481 1318 550 vita,
1335 479 1465 540 omnium
1486 499 1549 557 pcr-

674 575 806 650 'ditatum
830 578 872 638 ita
885 579 1004 651 aimitin3
1024 586 1055 639 ut
1068 585 1146 638 earet
1167 581 1254 640 tacite
1273 581 1452 640 deterrimae
1467 583 1552 657 crum

683 677 772 736 etiam
787 677 899 748 cimilia,
922 679 956 737 Ρ.
971 679 1081 748 Grani,
1100 685 1130 738 et
1151 679 1302 754 rapientia,
1322 686 1351 738 et
1376 681 1551 756 eloquentie,

682 783 712 835 et
725 777 810 848 primi
824 779 958 848 hominia,
982 796 1083 853 nepot,
1104 781 1314 854 multorumque
1333 779 1455 837 atiornrn
1477 779 1552 838 virc-

587 929 616 952 „
680 893 743 934 rum
757 879 992 954 clarorumque·
1013 877 1087 936 nibit
1109 877 1216 936 attinet
1236 877 1396 945 nominare,
1420 883 1551 953 nepotea,

679 981 710 1034 et
723 975 786 1034 titii.
830 977 889 1035 Sed
903 978 971 1052 quid
985 973 1120 1052 agimur?
1139 977 1263 1036 obiitinc
1279 993 1386 1045 aumua,
1400 977 1456 1036 boc
1473 993 1552 1037 nnnc

574 1067 578 1076 '
678 1076 762 1136 nobie
776 1094 840 1133 esse
862 1075 1049 1151 propositum,
1062 1093 1129 1134 cum
1149 1076 1222 1133 antia
1235 1077 1272 1134 de
1296 1075 1470 1134 aeternitate
1488 1077 1552 1136 dix·

678 1175 811 1245 inserunt,
838 1194 876 1234 ne
902 1175 929 1233 ai
952 1177 1106 1234 interirent
1129 1175 1246 1250 quietern
1269 1175 1370 1242 animi,
1394 1175 1551 1250 quidquam

679 1274 750 1331 mati
763 1293 828 1332 eene
849 1274 880 1330 in
903 1272 1016 1332 murtei
1052 1277 1089 1332 Α.
1105 1273 1170 1348 Ego
1185 1289 1256 1330 vero
1269 1273 1475 1332 memineramr
1495 1274 1550 1334 aad

679 1377 709 1430 te
720 1374 758 1430 de
772 1372 945 1430 aeternitate
959 1373 1107 1431 dicentem
1117 1373 1250 1431 aberrare
1263 1390 1282 1431 a
1295 1372 1441 1448 proportio
1460 1373 1549 1432 incita

678 1465 819 1547 patiebar.

625 1567 668 1628 34
719 1571 762 1631 Μ.
783 1569 915 1630 “Video
928 1577 957 1630 te
977 1575 1038 1637 alte
1059 1577 1201 1646 spectare,
1225 1577 1256 1630 et
1276 1573 1355 1630 vetto
1374 1571 1406 1630 in
1433 1572 1549 1630 caetum

676 1671 812 1747 migrare.
854 1675 894 1732 A.
915 1674 1008 1746 Spero
1019 1673 1089 1739 tore,
1109 1675 1153 1730 ut'
1165 1671 1319 1746 contingat
1338 1671 1368 1728 tu
1389 1671 1482 1728 nobie.
1496 1670 1551 1730 aad

677 1773 735 1838 iac,
747 1777 780 1827 ut
794 1771 968 1836 nervorum,
982 1771 1096 1828 animoa
1108 1787 1166 1828 non
1177 1789 1327 1828 remanere
1341 1773 1404 1845 poet
1416 1775 1548 1828 mortem.

679 1869 846 1934 videnum,
860 1868 885 1924 si
897 1868 939 1924 ita
952 1867 999 1934 eit,
1019 1867 1129 1940 privari
1150 1886 1202 1944 epe
1221 1869 1358 1926 beatioris
1372 1868 1461 1926 vitae.
1503 1866 1547 1926 Μ.

679 1968 757 2026 Mati
770 1986 843 2025 vero
866 1967 935 2042 qnid
954 1968 1037 2025 affert
1058 1965 1299 2026 irtaeententia?
1327 1967 1373 2025 iac
1398 1967 1477 2024 eninr
1501 1967 1546 2025 aio

681 2065 811 2126 animum
825 2065 955 2135 interire,
967 2071 999 2124 ut
1018 2084 1131 2142 corpus.
1151 2085 1221 2126 num
1236 2067 1322 2142 igitur
1341 2067 1445 2142 attqut·
1458 2067 1550 2134 dolor,

678 2169 729 2222 aut
745 2165 866 2222 omnino
879 2170 1073 2238 postmortem
1087 2183 1188 2225 centua
1199 2167 1230 2224 in
1244 2183 1365 2239 corpore
1373 2163 1441 2222 eet?
1461 2181 1549 2223 nemo

678 2263 710 2320 id
720 2263 837 2338 quidem
847 2264 939 2322 dicit:
953 2265 1007 2322 etei
1021 2265 1220 2324 Democritum
1230 2263 1377 2323 insimulet
1389 2263 1547 2338 Epicurus:

679 2362 872 2422 Democritici
881 2369 998 2438 negent.
1014 2383 1051 2422 ne
1060 2365 1091 2422 in
1105 2365 1204 2422 animo
1217 2364 1333 2438 quidem
1345 2363 1432 2438 igitur
1444 2380 1546 2420 nenena

678 2467 820 2519 remanet.
839 2460 903 2536 ipae
922 2463 1002 2521 enirn
1022 2481 1162 2538 nunquam
1181 2467 1236 2521 eat.
1261 2461 1311 2520 ubi
1332 2463 1420 2536 igitur
1439 2464 1548 2520 matum

677 2556 747 2617 eat?
779 2561 916 2636 quoniam
943 2561 1015 2620 nibil
1041 2563 1157 2619 tertium
1177 2567 1231 2618 eet.
1252 2577 1300 2628 an,
1327 2561 1463 2636 quoniam
1483 2559 1547 2634 ipae

675 2661 768 2719 animi
787 2661 933 2719 dieceaaua
952 2677 971 2718 a
990 2677 1121 2736 corpore,
1143 2678 1202 2720 non
1223 2661 1262 2718 ait
1282 2659 1347 2718 eine
1373 2657 1495 2718 dotorei
1513 2665 1548 2718 at

675 2762 793 2820 medam
805 2760 849 2819 ita
862 2779 936 2829 enee,
960 2777 1047 2837 quam
1061 2765 1106 2818 eat
1129 2758 1160 2818 id
1180 2759 1338 2834 exignum!
1366 2757 1387 2791 ‘⁷
1397 2765 1427 2816 ct
1441 2759 1546 2818 saluum

655 2887 659 2892 ·
674 2881 740 2920 eane
753 2861 895 2919 arbitror:
926 2866 957 2918 et
970 2861 1002 2918 fir
1022 2862 1189 2936 pierumque
1202 2861 1267 2918 nine
1281 2875 1382 2917 secan:
1404 2873 1546 2916 nonnum·

675 2978 761 3036 quam
782 2960 952 3019 etiamnum
973 2949 1142 3034 voluptate:
1175 2963 1323 3034 totumque
1337 2958 1393 3016 boc
1407 2959 1475 3015 leve
1490 2961 1545 3026 eat,

675 3058 885 3133 qualecumque
900 3062 953 3114 eat.
966 3057 1000 3114 tit
1017 3059 1097 3115 euim
1111 3057 1149 3114 ad
1162 3063 1300 3131 punctum
1312 3057 1457 3132 temporie.
1472 3055 1546 3114 iilud

675 3231 812 3340 giqairbrit.
823 3245 865 3280 nec
874 3231 943 3292 magia
953 3234 1039 3280 comtat
1052 3233 1081 3280 da
1091 3233 1116 3280 P.
1127 3231 1203 3280 Crarri
1212 3236 1305 3295 nepote
1337 3231 1458 3291 ignorabat
1475 3231 1546 3282 enm

696 3307 842 3417 anagn
851 3372 895 3418 otte
904 3371 1007 3432 mertare]
1027 3370 1076 3418 cdd.
1088 3375 1144 3418 vett.
1155 3371 1229 3433 pinrea
1238 3372 1299 3417 atta:
1323 3383 1367 3432 qua
1376 3370 1447 3417 torma
1455 3373 1480 3417 et
1489 3367 1546 3418 alibi

676 3428 758 3477 Cicero
766 3431 844 3476 utitur.
860 3430 899 3476 aed
913 3434 937 3476 et
946 3430 989 3476 ultr
998 3434 1091 3487 mr
1100 3437 1134 3479 ert
1143 3430 1167 3478 in
1177 3431 1269 3479 Somnio
1278 3430 1337 3492 scip.
1348 3445 1368 3478 c.
1384 3435 1406 3478 7.
1417 3429 1439 3478 in
1456 3429 1548 3488 eadm.

677 3502 721 3548 qua
731 3488 767 3534 bie
776 3494 817 3545 ert,
825 3489 943 3536 munna

704 3565 729 3602 ⁴⁷
742 3567 855 3624 etsnltum
865 3581 884 3616 ι.
899 3569 931 3629 nl
963 3568 1070 3619 Babcrim
1078 3570 1179 3619 malebat
1187 3573 1218 3618 nt.
1228 3583 1273 3616 non
1282 3568 1350 3616 maie.
