2558 4198
241 277 305 340 352
505 267 871 319 nanasrmsunoauu

240 427 280 488 ut,
293 421 324 478 id
348 418 396 496 qui
418 422 515 495 neget,
530 418 583 478 vix
597 436 664 478 eum
685 435 776 477 sanae
801 416 910 478 mentis
932 419 1112 486 existimem.

191 513 353 587 liliosam,
367 523 408 585 ut,
427 517 520 594 qualis
533 535 632 577 eorum
646 525 750 577 natura
762 517 810 586 sit,
831 517 1058 578 consideremus.
1079 521 1116 581 in

238 637 295 696 quo
317 619 392 678 uihil
406 623 451 676 est
473 617 628 687 difficilius,
651 636 768 694 quamn
788 618 1000 678 consuetudine
1014 621 1111 680 oculo

238 737 301 778 rum
316 719 410 777 aciem
424 717 529 777 meutis
549 719 703 777 abducere.
717 737 753 777 ea
764 718 918 778 difficultas
931 717 1058 787 induxit,
1077 721 1110 778 et

237 821 327 894 vulgo
341 817 500 893 imperitos,
515 823 544 874 et
559 817 669 875 similes
692 819 880 893 philosophos
901 817 1110 892 imperitorum,

236 925 277 988 ut,
291 919 349 978 nisi
363 918 459 996 liguris
484 917 633 977 hominum
653 917 830 987 constitutis,
843 918 918 976 nilril
932 922 1051 992 possent
1070 917 1108 975 de

235 1020 292 1078 diis
307 1019 516 1078 immortalibus
537 1018 674 1092 cogitare.
716 1017 808 1093 Curius
832 1016 979 1092 opinionis
1001 1015 1111 1074 levitas

235 1119 385 1178 conlatata
404 1109 533 1177 a'Gotta
560 1137 620 1177 nen
640 1119 785 1176 desiderat
812 1119 974 1175 orationem
1001 1133 1108 1174 meam.

235 1218 296 1276 Sed
311 1235 378 1298 eum
393 1195 482 1274 talem
497 1235 560 1274 esse
574 1219 661 1276 deum
684 1223 765 1274 certa
779 1217 899 1276 notione
921 1215 1013 1274 animi
1026 1231 1106 1286 prae·

234 1315 402 1384 sentiamus,
416 1316 548 1389 primum,
562 1325 592 1373 ut
604 1317 642 1374 sit
653 1317 797 1384 animans,
809 1315 926 1384 deinde,
936 1315 1008 1374 utin
1023 1313 1109 1372 omui

233 1422 335 1474 natura
357 1415 430 1474 nihil
452 1433 489 1472 eo
509 1415 547 1471 sit
572 1415 780 1488 praestantius:
812 1417 849 1472 ad
872 1417 949 1473 hane
971 1431 1104 1490 praesen·

231 1515 346 1573 sionem
373 1514 581 1586 notionemque
608 1519 746 1583 nostram,
773 1514 848 1572 nihil
876 1515 974 1582 video,
993 1513 1104 1588 “quod

232 1615 328 1690 potius
356 1616 584 1682 accommodem,
605 1631 689 1690 quam
711 1617 744 1671 ut
765 1613 887 1688 primum
908 1615 986 1670 hunc
1007 1613 1106 1686 ipsum
1168 1680 1170 1682 ,
1259 1663 1260 1684 ,

231 1717 380 1782 mundum,
394 1733 450 1790 quo
465 1715 538 1772 nihil
555 1712 617 1771 lieri
642 1695 837 1771 e‘scellentiue
852 1719 957 1786 potest,
971 1712 1102 1770 animan·
1259 1701 1260 1712 ¹

230 1821 375 1881 temesae,
390 1819 420 1872 et
433 1815 519 1871 deum
533 1813 675 1886 judicem.
718 1814 777 1870 Hic
792 1829 878 1887 quam
899 1815 979 1871 volet
992 1811 1099 1885 Epicu·

229 1932 276 1971 rus
304 1914 429 1985 jocetur,
463 1913 550 1969 homo
578 1929 637 1969 non
664 1911 830 1985 aptissimus
862 1912 899 1969 ad
926 1911 1098 1985 jocandum,

226 2011 439 2084 ”minimeque
465 2011 625 2083 respiciens
650 2011 791 2084 patriam
812 2015 842 2068 et
868 2011 958 2078 dicat,
985 2027 1016 2067 se
1038 2025 1099 2067 nnn

228 2129 312 2186 posse
347 2109 521 2182 intelligere,
555 2109 648 2183 qualis
673 2109 873 2180 situnlabilis
901 2117 931 2169 et
960 2111 1101 2168 rotundus

227 2213 317 2268 aleus:
349 2213 446 2265 tamen
462 2225 500 2264 ex
525 2209 593 2275 hnc,-
611 2209 686 2281 quod
701 2207 763 2282 ipse
778 2209 868 2269 etiam
892 2211 1003 2283 probat,
1017 2225 1098 2267 num·

227 2328 312 2385 quam
327 2327 373 2365 me
394 2307 534 2365 movebit.
576 2307 679 2365 Placet
693 2307 771 2366 enim
787 2308 831 2366 illi
852 2325 916 2366 esse
929 2311 1009 2376 deos,
1029 2308 1098 2383 quia

227 2427 348 2468 luccesse
363 2407 399 2465 sit
421 2413 617 2481 praestantem
639 2425 703 2466 esse
727 2407 854 2483 aliquam
877 2412 1019 2476 naturam,
1039 2423 1096 2482 qua

225 2509 299 2570 nihil
313 2510 352 2567 sit
366 2507 478 2567 melius.
508 2508 620 2566 llllundo
634 2513 731 2566 autern
742 2512 822 2565 certe
836 2506 909 2565 nihil
924 2513 969 2565 est
981 2507 1093 2566 melius.

225 2611 254 2666 N
257 2627 292 2666 ec
306 2609 433 2675 dubium,
448 2607 526 2682 quin,
547 2607 623 2682 quod
643 2607 777 2664 animans
791 2607 838 2675 sit,
854 2607 1015 2682 habeatque
1030 2625 1094 2666 sen·
1164 2683 1168 2690 Ι

223 2727 296 2778 sum,
311 2715 341 2767 et
355 2709 506 2773 rationem,
520 2713 550 2764 et
571 2712 709 2774 mentem,
731 2705 761 2762 id
783 2707 822 2764 sit
844 2705 866 2740 ⁸¹
876 2707 989 2774 melius,
1007 2723 1093 2783 quam

222 2809 262 2877 id,
282 2809 356 2884 quod
379 2809 423 2865 his
446 2811 554 2864 careat.
594 2807 641 2864 lta
662 2806 794 2874 efficitur,
814 2807 1003 2875 animantem,
1028 2825 1094 2864 sen·

222 2927 280 2978 sus,
302 2907 418 2974 mentis,
445 2907 565 2966 rationis
590 2909 728 2965 mundum
745 2923 812 2963 esse
836 2911 1011 2979 compotem.
1036 2923 1094 2982 qua

249 3085 271 3118 ⁵⁵
286 3084 345 3144 quod
362 3083 435 3140 potius
443 3081 609 3144 accommodem]
625 3079 678 3128 inde
696 3079 810 3140 colligam,
828 3083 887 3144 quod
904 3097 954 3130 cunr
974 3096 1003 3129 eo
1021 3083 1094 3144 magis

218 3144 359 3202 conjunctum
368 3151 452 3200 patena

248 3223 270 3256 ὅθ
286 3222 420 3281 minimeque
433 3219 552 3277 respiciens
565 3215 681 3280 putrium]
713 3217 738 3266 Si
753 3219 884 3268 lestiosana
899 3223 1026 3278 satcenses
1036 3221 1089 3278 erit,

109 3317 112 3333 ,
218 3296 262 3328 nnn
273 3282 389 3328 consulens
398 3279 486 3342 patriae
494 3293 547 3325 suae
557 3277 661 3336 dignitati
669 3283 693 3324 et
700 3279 794 3337 gloriae,
803 3279 841 3340 qui
851 3285 897 3327 tam
908 3280 985 3341 inepte
991 3281 1089 3337 jocatur,

218 3355 267 3386 rum
281 3341 406 3388 Atticorum
414 3339 460 3396 joci
476 3338 594 3385 laudentur
603 3342 626 3383 et
635 3337 788 3385 celebrentur:
805 3340 843 3386 sed
854 3339 998 3400 praetulerim
1008 3345 1032 3386 et
1041 3339 1092 3400 ipse

217 3399 336 3444 maionem
355 3399 403 3446 Ma.
415 3396 528 3444 Ursiniani
538 3417 544 3443 z
560 3396 674 3458 resipiens,
684 3411 750 3458 quam
760 3401 784 3443 et
794 3399 922 3458 eorrjectura
931 3413 1036 3462 reperere
1045 3397 1091 3452 riri

218 3457 307 3517 quidam
317 3457 378 3504 docti
387 3458 447 3522 apud
458 3457 582 3504 Davisium.

246 3533 269 3566 ⁵⁷
283 3534 371 3594 mellus,
380 3551 447 3595 paam
457 3535 482 3586 iul
491 3536 549 3596 quod
560 3535 595 3581 lia
605 3537 686 3598 cureat]
703 3535 778 3587 malim
788 3537 814 3588 id
823 3537 908 3590 aneae.
