2548 4208
429 412 528 464 ursan
542 411 703 466 ausurus.
752 427 755 434 »
950 415 1011 480 mi

233 572 294 632 niam
304 581 390 628 taniam
398 581 450 628 iecit
459 581 585 638 maximnm,
595 595 653 637 curn,
665 579 749 628 Danais
757 578 922 640 inclinantibus,

139 711 143 718 ,
231 664 345 712 Summam
354 675 402 708 rem
411 662 505 723 perierit
515 676 599 719 marnas,
609 661 720 724 proelium
727 662 824 708 restituit
833 661 950 710 insaniens.

141 805 284 871 Dicamus
300 810 388 884 igitur
411 809 512 868 utilem
536 810 689 868 insaniam.
704 815 795 868 tracta
809 809 1010 870 definitionem
1021 800 1065 862 24

141 909 335 966 fortitudinist
370 910 526 984 intelliges,
555 927 620 968 eam
651 911 802 967 stomacho
829 928 887 968 non
915 929 1011 986 egere.

142 1006 296 1068 Fortitudo
309 1015 354 1066 est
367 1010 463 1084 igitur,
483 1010 600 1067 allectio
619 1009 710 1066 animi
730 1007 754 1040 Β
764 1005 822 1082 tegi
836 1027 964 1066 summae
978 1010 1011 1068 in

140 1109 338 1184 perpetiendis
353 1110 437 1166 rebus
449 1101 674 1183 obtemperans3
696 1110 743 1166 vel
758 1109 944 1165 conservatio
954 1113 1011 1166 sta·

140 1207 208 1265 bilis
216 1206 323 1280 judicii
333 1207 365 1264 in
386 1207 429 1263 eis
444 1210 536 1274 rebus,
560 1225 634 1282 quae
648 1207 850 1264 formidolosae
864 1207 1015 1278 videntur,

139 1307 305 1373 subeundis,
319 1310 350 1363 et
374 1303 567 1378 repellendisr
590 1308 639 1364 vel
653 1307 778 1364 scientia
801 1325 894 1363 rerum
915 1306 1010 1364 lormi-

138 1407 311 1472 dolosarum,
325 1405 599 1478 contrariarumque,
623 1406 857 1478 perferendarum
877 1412 926 1462 ant
950 1425 1009 1464 srm-

138 1503 211 1562 nino
226 1504 472 1576 negligentiarum,
487 1519 666 1560 conservans
681 1521 777 1560 earum
793 1523 885 1561 rerum
904 1505 1009 1562 stabile

133 1603 298 1678 judicium:
319 1603 369 1658 vel
393 1601 521 1666 brevius,
544 1607 574 1658 ut
595 1587 785 1674 Chrysippus.
812 1619 877 1660 nam
902 1602 1011 1672 superi·

137 1719 202 1760 ores
230 1701 416 1759 definitiones
439 1705 522 1757 erant
549 1699 682 1772 Sphaeri,
707 1699 832 1756 hominis
853 1701 884 1757 in
910 1699 1009 1774 primis

137 1802 214 1859 bene
228 1801 404 1868 definientis,
419 1804 450 1863 ut
465 1804 567 1872 putant
579 1797 673 1856 Stoici
688 1820 695 1854 ε
716 1803 783 1856 sunt
798 1800 877 1857 enim
888 1800 1009 1859 omuino

136 1917 238 1960 omnes
260 1901 319 1957 sere
333 1900 462 1958 similes:
484 1899 534 1956 sed
549 1900 700 1956 declarant
722 1917 890 1957 communes
915 1901 1008 1958 notio·

136 2019 199 2067 nes,
213 2001 270 2058 alia
286 2001 378 2076 magis
392 2000 460 2056 alia.
503 1999 568 2070 Quo
582 1999 669 2056 modo
689 1999 776 2071 igitur
801 1999 980 2074 Chrysippus
995 1997 1009 2061 i

137 2101 290 2159 Fortitudo
304 2103 357 2169 est,
371 2099 475 2176 inquit,
497 2098 622 2156 scientia
646 2099 879 2170 perferendarum
903 2117 1007 2168 rerum,

136 2203 186 2258 vel
201 2200 317 2257 affectio
339 2199 441 2266 animi,
456 2199 487 2256 in
508 2199 648 2272 patiendo
667 2215 702 2256 ac
730 2201 911 2271 perferendo,
933 2216 1008 2256 sum·

134 2315 201 2358 mae
215 2299 274 2370 legi
289 2315 392 2373 parens
406 2298 471 2356 sine
485 2299 597 2356 timore.
640 2297 784 2368 Quamvis
798 2298 868 2355 licet
882 2299 1008 2356 insecta*

135 2397 292 2460 marianos,
307 2401 338 2454 ut
353 2397 520 2453 Carneades
544 2398 667 2452 solebat.
682 2404 788 2462 metuo,
810 2415 848 2453 ne
869 2397 925 2455 soli
946 2397 1008 2472 phi-

135 2493 251 2565 losophi
264 2495 332 2549 sint.
375 2494 458 2566 Quae
479 2493 558 2550 enim
580 2493 699 2553 istarum
722 2493 925 2552 definitionum
946 2515 1006 2556 non

135 2573 231 2666 arserit
260 2591 408 2648 notionem
430 2596 567 2658 nostram,
582 2609 667 2666 quam
694 2593 833 2650 habemus
853 2609 953 2652 omnes
967 2597 1004 2652 de

135 2689 315 2758 tortitudine,
342 2694 461 2756 tectam,
487 2693 575 2763 atque
602 2689 792 2749 involutam?
817 2709 872 2768 qua
896 2699 1006 2766 aperta,

134 2791 200 2868 quis
214 2795 267 2856 est,
280 2788 330 2865 qui
344 2793 393 2845 aut
407 2787 551 2856 bellatori,
565 2793 615 2845 aut
635 2787 811 2861 imperatori,
825 2797 874 2847 aut
898 2791 1006 2848 oratori

132 2887 284 2964 ¹³(suaerat
311 2887 429 2961 aliquid,
453 2904 547 2961 neque
569 2903 620 2944 eos
644 2886 794 2944 existimet
827 2889 891 2945 sine
924 2889 1005 2947 rabia

132 2988 289 3066 quidquam
303 2986 414 3043 sortiter
428 2985 524 3044 iacere
548 2983 655 3060 posse?
696 2983 799 3057 Quid?
838 2985 940 3056 Stoici,
956 2989 1006 3064 qui

134 3084 236 3146 omnes
257 3085 430 3158 insipientes
444 3084 562 3143 insanos
577 3103 641 3142 esse
662 3085 773 3153 dicunt,
792 3082 813 3116 ⁸⁴
826 3104 924 3146 nonne
948 3087 1006 3144 ista

164 3242 187 3276 ⁸²
200 3243 247 3300 aga·
260 3242 369 3304 sumone]
382 3245 416 3288 est
424 3240 491 3288 ratio.
502 3240 560 3288 intra
570 3241 651 3288 iterum
660 3245 693 3290 est
704 3240 865 3288 indefinitione
875 3239 1005 3304 chrysippi»

164 3321 187 3354 ⁸³
205 3328 295 3380 panorm
304 3321 401 3390 aliquid]
419 3320 490 3368 intell.
509 3320 570 3366 aliud
585 3319 645 3390 qnid,
660 3327 762 3390 utraepe
773 3319 862 3378 dicitur,
872 3320 932 3370 aliud
942 3321 1005 3382 quid,

133 3392 203 3441 quarn
213 3385 246 3426 est
254 3380 278 3426 in
287 3380 327 3426 illa
338 3381 466 3428 defimtione
480 3379 556 3426 Stoica
565 3379 707 3425 iortrtudrms.

164 3457 186 3490 ⁸⁴
202 3459 325 3506 norman
335 3460 452 3517 colliguntl
468 3473 534 3506 nemo
544 3460 585 3504 hoc
596 3453 678 3516 tetigit.
693 3471 741 3504 esse
750 3464 825 3504 nartem
843 3457 939 3506 videtur.
959 3459 1005 3506 hoc

133 3513 230 3562 effinirrnt
240 3513 462 3580 conclusionibuspe'r
473 3517 629 3572 inductionem,
641 3523 665 3563 ut
679 3517 708 3564 de
723 3517 813 3574 singulis
823 3517 958 3564 adscendunt
973 3519 1004 3565 ad

134 3587 209 3646 georas
223 3575 274 3621 truie
291 3578 425 3624 conveniunt
444 3576 565 3638 sequentia.
577 3576 595 3622 si
605 3591 618 3622 e
628 3589 720 3622 namero
736 3575 861 3622 insanomm
878 3577 1004 3625 eximuntur

135 3631 243 3687 aracumli,
263 3633 361 3681 insanire
372 3635 414 3696 ipsi
431 3641 455 3681 et
471 3639 570 3682 monstra
588 3633 663 3681 dicere
681 3633 821 3698 videbuntur,
832 3637 891 3698 qnod
909 3649 961 3698 part
975 3639 1006 3702 <fl

134 3702 225 3753 ments
234 3690 271 3755 m,
278 3706 335 3755 quae
343 3694 433 3747 toeaior
439 3695 507 3746 man
517 3691 596 3745 ceam
605 3695 648 3744 ert.
