2558 4198
498 277 599 330 bistili
619 275 751 330 Pillbllls.
825 357 828 363 Α
984 285 1060 346 295¹

178 433 236 492 tte:
255 447 323 492 cons
336 427 451 489 inbuite
467 429 682 488 simillimorum
693 424 855 504 imaginum
873 426 988 502 speeies
1011 445 1051 486 ex
1065 435 1104 496 19

179 531 439 591 innumerabilibus
459 528 619 586 individuis
633 528 751 597 existat,
764 535 795 586 et
812 530 849 586 ad
860 529 931 586 deos
942 529 1053 598 affluat,

180 647 247 690 oum
268 629 405 688 maximis
419 627 617 700 voluptatibus
639 629 670 686 in
694 645 745 686 eos
767 627 909 702 imagines
923 633 1054 686 mentem

179 731 334 796 intentam,
348 728 525 802 infixamque
550 733 678 788 nostram
697 727 933 802 intelligentiam,
946 743 1054 800 capere

180 845 255 905 quae
277 828 314 885 sit
329 833 359 885 et
374 830 459 885 beata
484 833 598 895 natura,
618 825 648 886 e‘t
676 833 804 885 aelerna.
848 829 967 884 Summa
982 841 1054 883 vero

182 929 228 986 vis
247 927 408 996 infinitatis,
423 932 453 986 et
467 933 583 1002 magna,
596 945 632 986 sc
646 928 782 1002 diligenti
805 924 1053 1000 contemplatione

180 1026 350 1102 dignissima
363 1030 408 1084 est
422 1048 428 1082 :
452 1027 483 1085 in
498 1045 554 1102 qus
568 1027 694 1100 intelligi
710 1044 832 1084 necesse
841 1031 895 1092 est,
909 1041 976 1082 eom
989 1041 1054 1082 esse

181 1131 325 1194 naturam,
338 1131 370 1183 ut
393 1125 491 1184 omnia
508 1127 649 1190 ¹omnibus
668 1125 689 1159 ⁷⁹
701 1127 816 1200 paribus
838 1124 918 1198 paria
938 1139 1055 1194 respon·

93 1215 107 1230 ’
181 1225 278 1286 deant.
295 1226 370 1284 hanc
391 1246 517 1300 sessorum
537 1229 666 1300 arrpollat
680 1225 833 1298 Epicurus,
842 1225 872 1280 id
886 1228 940 1291 eat,
952 1238 1054 1297 sequa·

180 1324 271 1384 bilem
284 1325 490 1384 ,tributionem
532 1327 578 1383 Ex
599 1327 656 1382 hac
677 1325 766 1398 igilur
784 1323 856 1381 illud
876 1311 1009 1390 efficitur,
1028 1319 1056 1378 si

131 1489 133 1492 ,
180 1424 346 1484 mortalium
365 1429 447 1482 lanta
461 1425 616 1482 multitudo
629 1424 677 1490 sit,
691 1442 755 1480 esse
769 1423 975 1480 immortalium
995 1437 1056 1478 non

179 1523 342 1582 minorem:
362 1527 403 1590 et,
416 1523 454 1590 εἰς
465 1540 538 1596 quae
551 1523 731 1588 interimant,
752 1520 974 1579 innumerabilia
988 1519 1058 1588 sint,

182 1622 273 1680 etiam
292 1639 339 1690 ea,
352 1639 426 1697 quoe
440 1627 627 1688 conservent,
640 1621 756 1678 infinita
780 1637 844 1676 esse
859 1619 975 1676 debere.
1017 1619 1058 1676 nt

183 1739 321 1798 quaerere
335 1739 353 1779 a
370 1703 462 1786 nobis,
475 1721 579 1788 Balbe,
590 1720 787 1794 soletis,'quae
802 1718 864 1775 vita
877 1719 996 1774 deorum
1010 1717 1059 1785 sit,

183 1837 313 1896 quasque
324 1823 361 1878 ab
370 1821 406 1878 iis
417 1821 539 1894 degatur
551 1824 642 1876 aetas.
671 1819 730 1876 'Es
747 1818 899 1883 videlicet,
912 1835 969 1892 qua
983 1816 1058 1874 nihil

183 1921 306 1988 beatius.
329 1920 404 1978 nibil
418 1920 552 2002 omnibus
567 1920 651 1978 bonis
675 1919 841 1977 affluentius
864 1917 988 1992 cogitari
1009 1935 1058 1992 po-

10 2005 19 2052 7
90 2081 94 2088 ,
183 2024 250 2086 test.
270 2019 379 2078 mnillil
406 2019 487 2076 enim
514 2019 594 2094 agit:
618 2018 705 2076 nullis
739 2016 982 2091 occupationibus
1012 2021 1059 2076 est

182 2120 370 2196 iolplioatus:
391 2121 472 2178 nulla
496 2135 586 2192 opera
613 2118 748 2177 molitur:
774 2134 826 2174 aua
852 2117 1007 2191 sapientia,
1027 2122 1059 2176 et

184 2221 293 2278 virtute
319 2221 444 2294 gaudet:
465 2220 553 2278 habet
579 2221 771 2292 exploratum,
799 2217 859 2275 lore
887 2235 919 2274 se
944 2235 1059 2292 semper

184 2329 252 2378 olum
264 2319 297 2375 in
311 2317 456 2386 maximis,
470 2323 531 2375 tum
544 2317 576 2374 in
587 2317 715 2374 aeternis
727 2317 936 2390 voluptatibus.
970 2319 1058 2386 Hunc
1068 2317 1111 2378 20

184 2419 271 2474 deum
295 2415 481 2472 ritsbealum
494 2414 676 2484 dixerimusr
698 2419 826 2471 vestrum
852 2435 923 2474 vero
936 2411 1060 2476 liborio·

186 2513 340 2580 sissimum.
365 2511 431 2570 sive
445 2511 524 2569 enim
538 2511 601 2585 ipse
614 2513 749 2578 mundus,
760 2513 833 2569 deus
858 2519 912 2582 est,
926 2515 994 2590 quid
1010 2535 1060 2590 po-

188 2618 245 2672 lest
254 2610 428 2672 esseminus
450 2611 588 2686 quietum,
601 2628 688 2686 quam
702 2613 784 2668 nullo
798 2618 908 2685 puncto
923 2615 1060 2688 temporis

185 2711 360 2779 iuter-ruisse,
387 2709 498 2768 versari
526 2709 637 2768 circum
666 2727 754 2768 axem
781 2711 859 2768 caeli
895 2712 1060 2772 admirabili

187 2807 360 2870 celeritate?
381 2807 596 2885 nisiquietum
611 2813 731 2878 sulem,
758 2808 832 2866 nibil
862 2810 978 2868 beatum
1005 2815 1059 2870 est.

187 2911 251 2970 sive
273 2909 390 2985 inipso
414 2909 522 2967 mundo
536 2908 607 2964 deus
621 2905 698 2964 inest
712 2905 829 2980 aliquis,
843 2909 893 2983 qui
907 2913 996 2983 regat,
1010 2909 1060 2985 qui

187 3007 397 3084 ‹gubernetqui
416 3023 515 3066 cursus
534 3010 683 3074 astrorum,
699 3005 874 3064 mutationes
889 3011 1060 3081 temporum,

188 3127 283 3168 rerum
303 3105 521 3198 vicissitudines
545 3105 718 3182 ordinesque
738 3112 905 3177 conservet,
919 3113 1008 3166 terras
1028 3111 1060 3166 et

218 3285 241 3318 ⁷⁹
253 3286 347 3342 portius
355 3284 420 3342 paria
430 3283 581 3346 respondeant]
601 3283 647 3331 hoc
657 3295 684 3329 ex
697 3300 797 3351 retronea
806 3281 947 3344 intelligitur,
958 3281 1011 3346 quid
1020 3283 1057 3333 sil.

190 3363 211 3395 a,
224 3349 272 3398 lud.
284 3350 365 3398 Graec.
378 3349 400 3396 in
415 3366 522 3413 ισονομιι.

395 3434 453 3500 u
525 3429 943 3496 „mmmmm
