2552 4208
449 315 550 366 nlunlt
564 311 742 364 uncuuuut.
996 317 1038 381 91

166 466 362 533 viuoentinm,
384 467 544 524 toleranter
564 464 694 522 dolorem
707 461 778 538 peti.
801 479 859 522 nee
872 421 945 524 voro
964 462 1040 540 quir·

166 583 253 644 quom
267 569 331 633 1011,
345 564 396 640 qui
408 581 486 632 enm,
499 563 547 638 qui
561 563 602 621 ite
621 567 776 636 peteretur,
791 581 849 622 non
864 565 1040 624 tondendum

168 672 293 742 putaret.
308 666 386 740 quod
406 668 520 738 ergoet
539 665 729 736 portuleture
747 662 877 730 sortitur,
896 665 1040 722 0110000-

168 771 223 833 tur,
236 781 305 824 oum
319 765 361 831 tit,
374 762 404 822 id
417 769 468 822 eut
480 764 676 822 enumerare
687 763 822 830 veniens,
832 769 883 822 out
893 781 952 822 non
965 763 1040 824 leue

169 881 317 940 praesens.
337 880 435 922 nonne
458 867 542 938 turpe
569 859 638 922 eut
678 863 772 937 Atqui
798 864 877 931 vide,
903 879 952 931 ne,
973 877 1041 920 oum

169 963 273 1022 omnen
286 971 384 1022 reotne
397 963 491 1022 enimi
511 963 693 1029 nd'eotioner,
706 963 830 1021 virtuter
850 963 1042 1035 appellentur,

168 1079 231 1120 non
254 1063 372 1123 (111000
398 1064 545 1138 proprium
572 1061 849 1130 nomen⁴omnium3
869 1063 921 1120 eod
945 1063 983 1120 ob
996 1077 1042 1130 ee,

169 1180 246 1238 0000
259 1181 318 1222 uno
339 1166 447 1224 oeterie
468 1164 645 1230 excellebat,
657 1178 760 1220 omne·
782 1161 950 1222 nominatae
972 1161 1042 1220 nint.

170 1267 320 1338 appellata
332 1272 378 1324 eut
399 1265 480 1324 enim
499 1282 538 1320 ex
565 1262 630 1320 viro
650 1262 759 1320 virtut:
780 1260 840 1320 viri
858 1268 957 1322 nutem
980 1277 1043 1336 pro·

170 1363 376 1436 oriamexime
400 1369 447 1422 eet
469 1363 616 1421 tortitudo.
643 1363 725 1436 eujm
753 1379 873 1422 munero
898 1363 957 1421 duo
976 1364 1044 1420 runt

173 1463 313 1531 menime,
332 1464 442 1529 mortis,
454 1463 619 1537 dolorisque
640 1459 811 1520 contemtio.
836 1463 975 1522 utendum
998 1459 1045 1518 eet

176 1559 264 1634 igitur
277 1562 333 1628 hie,
355 1561 382 1618 ei
395 1561 511 1618 virtutis
532 1567 691 1635 compotes,
705 1565 754 1618 vel
771 1563 866 1636 potine
879 1563 905 1618 oi
920 1561 976 1619 viri
995 1576 1045 1618 vo·

174 1659 539 1735 1010000000,ουοηίοω
555 1661 625 1720 virio
640 1661 732 1718 virtue
755 1677 862 1720 nomen
876 1666 920 1718 eut
935 1665 1045 1718 mutue·

177 1761 216 1816 tu.
246 1759 512 1832 Quaereelorleeue‚
524 1779 582 1836 quo
596 1763 699 1818 modo:
714 1767 744 1820 et
759 1769 847 1820 reete.
863 1763 952 1820 telem
966 1759 1097 1826 0010119

176 1859 352 1918 medicinam
385 1861 570 1935 philosophie
597 1862 754 1934 profitetur.
780 1861 865 1918 venit
893 1861 1046 1935 Epicuron,

170 1957 264 2016 homo
278 1958 397 2018 minime
411 1965 514 2028 malus,
530 1961 578 2019 vel
593 1959 687 2034 potius
702 1961 748 2018 vil·
770 1961 912 2033 optimus:
934 1966 1047 2019 tuntum

174 2064 284 2128 monet,
298 2065 438 2135 quantum
455 2059 596 2133 iutelligit
612 2078 619 2114 r
643 2059 778 2134 Negtige‚
790 2060 894 2136 inquit,
907 2062 1046 2118 dolorem.

176 2157 250 2230 Quin
264 2159 321 2216 hoo
334 2157 431 2218 diuiti
451 2160 545 2226 Idem,
558 2158 607 2233 qui
628 2161 758 2218 dolorem
773 2178 914 2218 summum
929 2162 1044 2218 mulum

176 2256 229 2314 vix
254 2262 325 2314 uelle
352 2265 524 2316 constanter
547 2259 706 2316 audiemus.
762 2261 795 2317 Si
819 2279 946 2318 nummus
965 2262 1048 2320 dolor

176 2361 231 2421 eet,
245 2356 348 2428 inquit,
369 2375 491 2414 ueoeeue
506 2363 549 2414 etl
575 2359 696 2416 brevem
720 2377 794 2416 eree.
836 2361 983 2419 Iteradum
1002 2377 1048 2418 et·

177 2452 246 2510 dem
258 2451 316 2508 istu
329 2453 411 2510 mihi.
426 2473 485 2512 non
499 2455 579 2513 enim
592 2457 664 2514 satie
674 2457 817 2531 intelligo,
828 2460 895 2530 qnid
906 2478 1049 2520 summum

179 2547 262 2606 dione
276 2566 350 2622 enee,
373 2551 441 2624 quid
465 2555 566 2610 breve.
608 2556 768 2624 Summum,
782 2573 840 2630 quo
859 2557 932 2616 nihil
947 2561 986 2617 eit
1004 2578 1050 2618 eu·

132 2692 134 2698 ,
180 2648 296 2722 perine:
318 2648 417 2714 breve,
431 2667 487 2722 quo
501 2651 574 2710 nihil
590 2655 717 2712 brevius.
759 2657 927 2715 Contemno
942 2660 1050 2732 mugni-

180 2749 311 2806 tudinem
325 2747 444 2814 doloris,
459 2765 477 2806 a
491 2767 548 2822 qun
562 2769 609 2808 me
623 2753 753 2809 brevitur
768 2755 904 2825 temporie
921 2757 1051 2816 vindice·

181 2847 225 2906 bit
238 2853 307 2904 unte
327 2864 430 2920 paene,
444 2849 742 2922 memorentur,
756 2851 781 2908 ei
792 2857 836 2908 eet
851 2859 947 2912 tantur
961 2859 1051 2926 dolor.

181 2953 304 3023 quantus
320 2947 528 3006 Philoctetae?
550 2947 572 2981 ⁷²
586 2953 660 3008 bene
674 2969 754 3008 eane.
770 2969 890 3026 mugnus
905 2953 976 3012 miili
991 2955 1051 3028 qul·

180 3053 247 3108 dem
262 3049 386 3118 videtur,
411 3053 462 3108 eed
491 3056 590 3109 tamen
620 3071 677 3110 non
704 3069 849 3110 tunrmue:
873 3051 945 3110 nihil
971 3053 1050 3110 euim

180 3153 269 3217 dolet,
293 3151 350 3208 niei
374 3169 434 3224 pes.
463 3156 584 3226 possunt
603 3151 697 3210 oculi:
720 3157 814 3224 potent
838 3158 936 3224 ceput,
950 3153 1051 3221 latera,

180 3253 349 3324 pulmones:
370 3257 490 3326 possunt
517 3251 624 3311 omniu.
679 3251 781 3324 Longe
809 3251 896 3325 igitur
922 3254 1004 3310 eleut
1032 3273 1051 3310 o

212 3427 235 3460 ⁷²
251 3429 303 3474 dene
323 3429 389 3484 plane
407 3441 510 3486 (000000,
530 3425 584 3486 ote]
601 3425 655 3470 ineo
672 3437 715 3470 non
731 3423 788 3474 hene
804 3427 970 3488 conjunguntur.
983 3432 1050 3480 inter·

182 3487 292 3548 0000001(
304 3493 326 3531 rt
344 3488 491 3546 (00100100
506 3499 564 3532 turre.
581 3498 683 3542 0000000,
699 3491 742 3530 eto.
755 3487 807 3532 tene
823 3503 874 3535 enne
891 3489 972 3540 Cicero
986 3495 1049 3550 dicit,

181 3561 287 3606 uusquunr
298 3547 350 3592 deur
357 3547 429 3600 01001.

221 3643 289 3686 tou.
305 3643 355 3684 nv.
594 3626 611 3678 9
