3354 4234
636 299 680 360 ῃ
914 291 1308 348 ruscunnusnsnronuas

637 441 684 500 sui
708 441 838 501 similem
856 442 993 518 contigit,
1017 449 1049 502 et
1071 443 1212 518 amosiis
1243 439 1382 517 ”jamlis
1395 457 1434 501 ox
1448 441 1513 504 sni·

636 559 687 600 ma
711 542 802 609 team,
834 547 866 610 et
899 559 939 600 sx
964 543 1068 600 ardore
1095 541 1166 600 solis
1201 545 1374 616 temperato,
1393 543 1511 620 ignibus

638 639 756 708 insistit,
770 646 802 698 et
823 641 912 700 finem
932 643 1019 700 altius
1043 659 1076 700 se
1095 641 1234 700 efferendi
1247 641 1327 700 lacit.
1347 657 1415 700 cum
1428 642 1511 701 enlm

638 741 685 800 sui
706 741 831 800 similem
851 746 882 799 et
902 741 1065 812 levitatem,
1084 749 1114 799 et
1135 743 1262 802 calorem
1285 742 1416 815 adeptus,
1438 747 1510 800 tarn·

638 857 723 916 quarn
734 841 1036 914 paribusexaminatus
1046 841 1229 916 ponderibus,
1240 843 1348 899 nullam
1358 841 1388 898 in
1398 846 1509 914 partem

636 947 780 1008 movetur,
794 957 885 1016 esque
899 940 928 1000 ei
941 941 1058 1000 demum
1071 941 1210 999 naturalis
1223 945 1269 996 est
1281 941 1376 1006 seda,
1389 953 1456 998 cun
1471 935 1510 998 nd

636 1039 682 1098 sni
694 1039 820 1099 similem
835 1040 1012 1114 penetravit,
1025 1040 1056 1098 in
1070 1057 1127 1114 quo
1140 1041 1221 1096 nulla
1241 1057 1272 1104 ns
1295 1055 1386 1112 egens
1406 1039 1509 1107 stetur,

637 1145 669 1198 et
683 1140 893 1198 sustentabitur
906 1139 1011 1198 iisdem
1026 1141 1120 1206 rebus,
1140 1137 1243 1212 quihus
1256 1141 1333 1194 astra
1346 1141 1511 1196 sustentan-

637 1243 686 1296 tur
700 1242 731 1294 et
750 1240 874 1296 aluntur.
917 1239 1048 1311 Cumque
1062 1237 1191 1310 comonis
1204 1235 1314 1294 lacibus
1337 1233 1511 1294 inflammari

638 1337 783 1394 adeamus
810 1337 847 1394 ad
873 1353 976 1394 omnes
1002 1337 1062 1394 lere
1085 1335 1270 1408 cupiditates,
1302 1351 1394 1410 eoquo
1416 1333 1510 1409 nangis

637 1434 769 1502 incendi,
778 1436 853 1509 quod
862 1435 899 1494 iis
912 1436 1098 1502 aemulemur,
1109 1433 1158 1508 qui
1169 1451 1204 1492 es
1218 1433 1354 1502 habeant,
1367 1449 1441 1508 quse
1455 1449 1510 1490 nos

637 1534 746 1594 hahere
759 1535 927 1609 cupiamus:
952 1534 1082 1608 prolecto
1097 1533 1176 1591 beati
1189 1533 1306 1600 erimus,
1319 1549 1396 1600 cunr,
1409 1547 1510 1606 corpo·

636 1634 714 1692 ribus
725 1634 843 1703 relictis,
854 1640 884 1692 et
894 1633 1095 1706 cupiditatum,
1117 1640 1149 1690 et
1162 1633 1391 1690 aemulationum
1401 1632 1511 1688 snmus

636 1739 791 1807 expertes:
813 1734 946 1805 qnodque
971 1747 1050 1788 nunc
1068 1730 1199 1798 iacimus,
1226 1747 1292 1788 cum
1317 1729 1410 1788 lculi
1430 1731 1509 1788 cuns

638 1849 745 1898 sumus,
759 1836 791 1888 ut
800 1835 933 1903 spectare
946 1829 1056 1904 aliquid
1066 1829 1197 1898 velimus,
1209 1837 1239 1888 st
1253 1831 1359 1897 visere,
1373 1829 1402 1887 id
1417 1832 1510 1900 multo

639 1937 702 1990 turn
717 1929 857 1986 iaciemus
871 1927 999 1996 liberius,
1013 1935 1144 2002 totosque
1159 1947 1210 1987 nos
1230 1931 1262 1987 in
1275 1929 1510 2004 contemplandis

638 2029 725 2087 rehus
744 2027 1008 2100 perspiciendisque
1029 2045 1178 2102 ponemus,
1197 2034 1357 2102 propterca,
1378 2029 1454 2104 quod
1478 2033 1510 2086 el

638 2132 743 2185 natura
769 2125 847 2183 inest
867 2125 1011 2183 mentibus
1033 2127 1137 2184 nostris
1165 2127 1339 2186 insatiabilis
1366 2129 1510 2202 quaedam

637 2224 786 2298 cupiditas
801 2225 864 2282 veri
886 2225 1024 2282 videndi:
1046 2231 1076 2284 et
1096 2243 1164 2283 orae
1188 2227 1269 2300 ipsse
1292 2229 1421 2284 locorum
1445 2227 1509 2284 illo·

637 2341 710 2392 rum,
730 2341 788 2398 qno
814 2323 1038 2396 pervenerimus,
1064 2343 1122 2400 qun
1147 2324 1308 2382 faciliorem
1329 2325 1413 2384 nohis
1439 2342 1508 2400 cog·

636 2423 780 2482 nilioncm
802 2440 896 2480 rerum
917 2424 1096 2492 caelestium,
1111 2442 1147 2481 eo
1162 2424 1300 2497 majorem
1313 2422 1512 2498 cognoscendi

635 2521 826 2595 cupiditatem
840 2523 959 2579 dabunt.
1002 2523 1086 2580 Haec
1099 2524 1179 2580 enim
1195 2523 1357 2596 pulcritudo
1371 2523 1460 2581 etiarn
1475 2521 1507 2580 in

635 2623 719 2680 terris
731 2619 881 2695 ”patriam
895 2621 976 2680 illam
991 2629 1021 2678 el
1033 2621 1146 2679 avitam
1162 2619 1206 2698 (ut
1218 2621 1260 2678 ait
1275 2619 1509 2698 Theophrastus)

633 2721 855 2797 philosophiam,
869 2722 1048 2797 cognitionis
1069 2721 1231 2794 cupiditate
1252 2719 1413 2786 incensam,
1427 2719 1509 2778 esci·

633 2822 716 2881 tavit.
732 2822 886 2898 praecipue
899 2839 969 2880 vern
989 2821 1119 2878 fruentur
1133 2837 1177 2886 ea,
1189 2821 1238 2894 qui
1254 2825 1314 2876 lum
1328 2817 1426 2884 etiam,
1440 2835 1508 2876 curn

633 2920 684 2980 has
699 2927 787 2980 terras
802 2921 974 2986 incolentes,
983 2919 1154 2978 circumfusi
1166 2925 1249 2978 eraut
1260 2918 1398 2993 caligine,
1409 2923 1508 2976 maren

580 3019 700 3079 20acie
726 3018 1004 3089 mentisdlspicsrs
1038 3017 1206 3089 cupiebant
1238 3017 1352 3076 etenim
1379 3017 1406 3074 si
1429 3033 1509 3074 nunc

633 3117 741 3194 aliquid
755 3134 869 3190 assequi
883 3132 915 3172 se
930 3120 1041 3188 putant,
1056 3114 1105 3188 qui
1125 3115 1232 3172 ostium
1262 3117 1350 3174 Ponti
1365 3115 1511 3185 viderunt,

662 3271 684 3305 ⁷¹
695 3271 816 3380 junctus}
827 3267 933 3316 Davisius
943 3267 1015 3314 edidit
1029 3269 1122 3337 junctis
1129 3274 1152 3315 nl
1161 3269 1188 3316 nd
1197 3271 1288 3328 ignibus
1296 3272 1412 3319 mimator.
1423 3269 1507 3332 placet.

632 3331 668 3378 Sic
678 3331 735 3378 Mus.
749 3347 784 3391 ap.
818 3331 954 3383 lemannum,
967 3329 1005 3388 qui
1016 3334 1040 3374 et
1050 3329 1224 3388 ipsrueedidit.

662 3410 685 3442 '1⁰
698 3409 794 3465 putrium
810 3409 875 3454 illum
890 3412 916 3452 et
927 3408 1020 3476 unitam]
1031 3395 1135 3464 'mitium
1155 3408 1239 3455 hahent
1255 3407 1313 3455 hlss.
1334 3423 1418 3462 omnes,
1439 3408 1510 3454 eliam

632 3467 707 3514 Grselt.
725 3473 748 3512 et
758 3467 807 3512 edd.
819 3475 876 3512 vett.
888 3465 913 3512 P.
927 3467 1043 3512 Manutius
1052 3483 1066 3511 e
1075 3467 1150 3513 Nonio
1159 3469 1221 3513 dedit
1228 3467 1340 3523 patritam,
1352 3483 1415 3528 quern
1428 3468 1508 3526 Steph.

632 3527 706 3572 Colin.
724 3526 843 3572 Lambinus
855 3525 924 3572 secuti
945 3532 1002 3572 suot.
1034 3527 1116 3574 Cicero
1130 3527 1201 3572 etiarn
1218 3527 1273 3573 alibi
1282 3527 1509 3584 mndmetositsm

631 3585 752 3646 conjungit.
761 3585 839 3648 itaque
847 3592 947 3634 veterem
957 3585 1075 3635 lectionem
1085 3585 1200 3634 revocavi·
