2548 4208
471 305 570 364 LIBER.
584 305 747 361 euterun.
788 328 793 335 ·
977 313 1038 374 191

169 458 263 534 major
275 463 321 518 eat
341 457 373 517 in
388 457 432 517 eia
455 455 694 533 praestantiam
714 455 851 526 divinior,
875 470 912 513 ru
932 455 1042 530 majore

168 561 303 636 indigent
318 559 481 634 diiigentia.
523 560 625 634 Itaque
650 561 725 616 bene
747 557 876 616 adhibita
894 556 968 614 ratio
981 571 1043 614 ner·

169 662 225 729 uit,
245 660 315 736 quid
340 659 481 732 optimum
506 659 563 715 eit:
593 661 735 734 negteetn,
759 658 856 715 multis
876 656 1042 729 impiicatur

169 760 321 818 erroribus.
364 759 414 816 Ad
430 765 458 814 te
473 757 561 832 igitur
575 758 646 816 mihi
654 759 718 832 jam
732 757 932 816 convertenda
946 754 1042 812 omnia

168 860 262 918 oratio
283 864 336 915 est.
362 858 480 915 simutae
505 857 584 914 enim
612 875 750 932 quaerere
777 861 807 914 te
832 854 1042 928 desipiente:

167 957 280 1034 quaeris
298 963 394 1015 autem
408 955 528 1016 fortasse
542 951 634 1015 dete.

209 1057 316 1114 Earum
331 1057 419 1130 igitur
433 1042 693 1130 perturtiationum,
708 1073 778 1131 quaa
796 1052 928 1127 exposui,
941 1051 1043 1112 variae

170 1163 237 1214 sunt
263 1157 436 1213 curationem
467 1173 533 1212 nam
562 1173 656 1231 neque
685 1156 781 1212 omnis
808 1153 959 1230 aegritudo
984 1167 1044 1212 uua

167 1255 284 1314 ratione
298 1257 424 1312 sedatur.
438 1252 495 1311 ntia
510 1261 553 1312 eet
568 1255 648 1312 enim
671 1253 790 1328 ingenti,
805 1253 863 1310 utia
883 1245 1053 1321 miseranti,

171 1356 230 1414 aliu
263 1353 410 1412 invidenti
439 1353 604 1412 adhihenda
633 1355 789 1412 medicina.
815 1359 860 1411 est
894 1353 983 1426 etiam
1011 1350 1043 1410 in

170 1457 306 1512 omuibus
335 1458 468 1526 quattuor
502 1453 765 1525 perturbationibus
794 1447 846 1510 itta
872 1451 1042 1508 distinctio:

171 1551 278 1610 Utrum
293 1531 330 1608 ad
345 1553 511 1608 universum
526 1551 783 1622 perturbationem,
796 1567 869 1623 quae
890 1559 935 1606 eet
948 1567 1044 1620 auper-

170 1652 253 1708 natio
282 1650 414 1718 rationis,
439 1652 489 1705 aut
517 1648 664 1722 appetitus
689 1647 907 1718 vehementium
942 1665 981 1704 an
1007 1647 1045 1707 nd

171 1741 311 1825 singutas,
322 1757 354 1808 nt
368 1752 404 1806 ad
431 1754 550 1814 metum,
565 1748 727 1816 libidinem,
741 1748 921 1823 reliquaeque
943 1747 1046 1806 metius
1147 1739 1150 1744 “

170 1851 344 1908 adhibeatur
368 1847 477 1906 oratio:
513 1855 552 1916 et,
578 1845 598 1878 ⁹¹
614 1855 709 1905 utrum
733 1848 805 1906 iilud
826 1865 885 1906 nun
912 1847 1046 1906 videatur

169 1961 257 2024 aegre
279 1949 439 2016 terendum,
465 1965 503 2007 ex
523 1965 580 2023 quo
604 1953 740 2022 suscepta
760 1947 799 2006 ait
822 1947 982 2022 aegritudo,
1006 1963 1046 2006 an

169 2049 299 2106 omnium
312 2065 405 2106 rerum
419 2049 550 2107 tottenda
563 2049 684 2105 omnino
698 2047 867 2122 aegritudo:
888 2053 928 2116 ut,
942 2047 968 2104 ai
980 2047 1044 2122 quir

172 2161 259 2220 aegre
274 2147 356 2215 ierat,
369 2167 401 2205 ae
417 2162 573 2222 pauperem
587 2165 661 2216 esee,
682 2147 750 2214 idne
765 2147 905 2220 disputes,
925 2163 1045 2220 pauper·

170 2249 262 2304 tatem
282 2249 390 2304 matum
415 2263 474 2306 uun
502 2265 583 2318 erae,
617 2264 655 2304 an
683 2247 833 2306 hominem
858 2265 944 2322 aegre
971 2247 1045 2306 terre

171 2344 246 2404 uiuit
261 2353 402 2417 oportere.
425 2345 560 2403 nimirum
583 2347 639 2404 hoe
655 2347 777 2404 metius:
806 2366 855 2414 ne,
873 2345 903 2404 ui
917 2346 989 2404 torte
1007 2347 1045 2406 de

171 2448 343 2516 paupertate
358 2460 417 2498 uon
438 2444 622 2516 persuaseris,
636 2443 675 2500 ait
693 2444 870 2518 aegritudini
883 2450 1046 2504 coneeden-

172 2531 259 2597 dum:
280 2537 461 2612 aegritudine
476 2531 573 2598 autem
594 2541 717 2607 sublata,
737 2542 862 2616 propriis
876 2544 1047 2614 rationibus,

173 2637 277 2712 quibus
292 2635 355 2694 heri
369 2635 413 2694 uei
434 2653 540 2706 eumue,
564 2631 691 2714 ¹quodam
704 2641 791 2698 modo
816 2641 905 2698 etiam
927 2659 1049 2716 paupere
1115 2709 1118 2720 ¹

173 2737 243 2794 tatis
259 2739 365 2794 matum
378 2736 497 2793 tottitur.
540 2739 600 2794 Sed
624 2739 719 2796 omnia
741 2739 884 2812 ejdemodi
906 2737 928 2771 ⁸²
940 2741 1099 2814 portur-ua

172 2835 262 2904 batio,
287 2835 378 2892 animi
403 2834 569 2908 ptacatione
593 2838 726 2894 abluatur
751 2839 803 2895 itta
828 2839 953 2914 quidem,
980 2857 1048 2898 oum

88 2921 90 2926 ’
177 2935 294 3000 doeens,
309 2951 365 2992 nee
390 2935 497 3000 bonnm
517 2935 591 2992 ittud
612 2952 686 3002 eave,
711 2953 749 2993 ex
774 2953 830 3012 quo
851 2937 974 3006 taetitia,
998 2941 1049 2997 aut
1105 2945 1107 2952 ’

175 3033 412 3105 iibido'oriatur3
434 3049 490 3092 neo
512 3035 628 3102 matum,
649 3051 687 3092 ex
712 3051 769 3110 quo
795 3042 845 3094 aut
869 3041 971 3108 metui,
998 3041 1049 3096 aut

174 3134 343 3208 aegritudo:
378 3140 579 3195 verumtamen
607 3134 681 3196 haee
703 3142 748 3194 aut
771 3141 853 3196 certa
879 3142 910 3195 et
933 3137 1049 3212 propria

203 3288 225 3322 ¹¹
240 3293 321 3337 utrum
328 3289 428 3352 titudine]
443 3294 571 3338 autumem
579 3289 793 3339 deiendumautae.
809 3291 853 3339 boe
862 3291 944 3339 delevi.

202 3367 225 3402 Ν
239 3370 375 3425 perturbatio
384 3370 585 3427 onimiptucntime
602 3372 717 3418 nituntur.
751 3369 852 3418 Verbum
868 3371 976 3418 nituntur
991 3369 1047 3420 mut

174 3439 284 3490 nunquam
301 3429 455 3490 ratiaptneoit.
475 3430 512 3492 qui
530 3431 609 3478 modus
626 3431 730 3491 loquendi
745 3431 933 3488 mariamnem
950 3432 1049 3489 nituere,

175 3487 297 3546 etquidem
314 3488 523 3544 ptaeutimeauimi.
558 3492 591 3535 An
610 3489 691 3537 cicero
706 3491 770 3537 dedit
786 3491 896 3538 utteuutur
912 3491 950 3537 vel
969 3491 1050 3542 uitem·

177 3547 234 3612 turi
250 3547 317 3592 etiam
334 3554 384 3607 post
393 3547 456 3601 dicit,
467 3549 519 3595 daec
529 3552 560 3596 ert
568 3553 627 3597 atriu
636 3549 729 3602 mantio.
761 3548 876 3610 hildim
893 3555 917 3600 et
925 3564 968 3612 pru
976 3551 1049 3608 pim-

179 3605 238 3652 luru
245 3604 301 3664 legit
310 3605 398 3666 duplici
406 3606 499 3656 aarum
