2552 4208
496 325 595 378 uana
608 325 758 378 unarum.
987 333 1066 396 lul

194 475 358 554 Opoi'eiam
379 475 546 554 egregiumt
568 491 741 554 quamquam
766 477 804 536 ab
830 476 876 536 hia
899 477 1067 538 cantoribus

193 577 392 654 Euphorionis
406 575 612 636 contemnitur.
627 575 717 635 acutii
740 575 839 634 omnia
853 577 1015 652 repentina,
1034 581 1067 638 ct

192 657 470 753 necopinatam
492 675 636 752 graviora.
664 675 849 751 exaggeratio
875 675 963 752 igitur
989 677 1067 754 regia

191 778 307 852 opium,
320 795 395 855 quae
419 775 594 836 videbantur
617 773 813 852 sempiternae
836 775 908 848 iore,
927 777 997 854 quid
1016 778 1066 840 od·

75 941 78 943 ,
185 873 313 954 ¹iungit?

375 1069 378 1076 ,
426 1018 492 1070 Haeo
505 1019 582 1067 omnia
596 1019 643 1068 vidi
656 1017 799 1079 inflammari,

426 1099 550 1149 Priamori
567 1099 637 1147 vitam
653 1099 744 1157 evitari,

425 1179 490 1229 lovi·
504 1195 568 1228 mam
581 1179 689 1240 nogtdne
701 1177 797 1241 turpari.
812 1253 817 1260 .

180 1297 376 1382 'euenturum
390 1338 520 1380 carmen.
534 1327 580 1378 eat
593 1319 673 1378 enim
686 1323 717 1378 et
741 1319 836 1388 rebus,
849 1323 880 1378 el
904 1322 1012 1392 verbio,
1032 1328 1063 1382 et

191 1423 287 1481 modia
303 1425 432 1498 lugubre.
448 1420 602 1495 eripiamur
617 1419 685 1478 huic
699 1418 920 1494 aegritudinem.
934 1439 991 1498 quo
1004 1439 1063 1482 mo-

191 1519 250 1580 do?
291 1522 478 1579 Collocemur
494 1520 524 1578 in
537 1520 645 1578 culcita
661 1523 793 1594 plumea:
814 1521 962 1593 psaltriam
975 1522 1063 1580 addu-

190 1636 310 1678 camus:
328 1619 542 1694 ”hedrychum
556 1621 763 1680 incendamur:
784 1621 885 1677 damur
908 1622 1062 1679 scutellam

190 1719 354 1779 dulciculae
369 1718 495 1793 potionis
508 1739 515 1776 τ
529 1721 637 1795 aliquid
653 1720 804 1777 videamus
818 1725 849 1776 et
861 1717 932 1776 citri.
975 1720 1060 1778 Haec

188 1819 308 1878 laudent
330 1821 405 1878 bona
425 1825 502 1886 aunt,
526 1819 629 1895 quibua
651 1819 849 1894 aegritudinea
870 1818 1062 1892 gravissimae

188 1916 403 1977 detrahantur?
424 1924 454 1976 tu
469 1919 549 1976 enim
572 1920 670 1992 paullo
695 1925 763 1976 ante
785 1937 823 1976 ne
845 1917 1010 1993 intelligere
1031 1922 1062 1977 te

188 2017 305 2094 quidam
331 2017 390 2076 alia
413 2020 474 2076 ulla
494 2019 624 2076 dicebas.
639 2017 772 2076 revocari
786 2018 874 2094 igitur
889 2025 1022 2092 oportere
1041 2035 1060 2077 a

155 2119 157 2123 '
187 2134 317 2175 moerore
331 2119 367 2176 ad
388 2101 599 2192 cogitationem
621 2119 771 2175 bonorum.
792 2118 973 2202 conveniret,
987 2117 1061 2177 mihi

187 2234 253 2276 cum
268 2216 405 2290 Epicuro,
420 2217 455 2282 ai,
468 2217 537 2292 quid
552 2223 629 2274 eaael
645 2219 761 2284 bouum,
774 2218 959 2276 conveniret.
1036 2270 1041 2277 .

229 2316 320 2374 Dicet
340 2317 464 2392 aliquia:
486 2316 565 2389 Quid
584 2313 673 2391 ergo?
693 2315 755 2374 ⁸‘tu
780 2317 937 2390 Epicurum
954 2313 1119 2376 ‘existi-uo

188 2431 251 2472 maa
264 2415 321 2471 iata
345 2416 483 2482 voluisse,
498 2423 547 2472 aut
563 2415 733 2473 libidinosae
748 2416 810 2489 ejua
833 2417 921 2475 luicae
944 2423 1059 2474 senten·

187 2511 266 2572 tica?
296 2513 361 2590 Ego
377 2531 447 2572 vcro
461 2515 590 2572 minime.
605 2517 694 2573 video
708 2515 787 2573 enim
812 2516 848 2573 ab
862 2535 899 2573 eo
914 2517 974 2574 dici
989 2517 1061 2575 mul·

187 2617 219 2671 ia
239 2631 353 2680 revere,
377 2616 469 2671 multa
489 2618 644 2688 praeclare.
687 2617 798 2690 ltaque,
819 2619 851 2672 ul
872 2633 959 2690 caepe
986 2615 1058 2683 dixi,

186 2711 224 2770 dc
238 2713 373 2770 acumine
398 2713 493 2787 agitur
514 2715 585 2788 ejus,
613 2733 671 2772 non
698 2717 735 2772 de
756 2715 903 2785 moribua3
923 2716 1059 2790 quamvis

186 2817 304 2885 spernat
320 2816 485 2886 voluptates
505 2831 564 2880 ena,
578 2831 648 2888 quaa
673 2814 918 2871 modolaudavit:
940 2831 995 2888 ego
1017 2818 1060 2871 ta·

187 2927 255 2968 men
282 2912 450 2978 meminero,
469 2915 545 2986 quod
571 2913 705 2970 videatur
718 2911 746 2970 ei
773 2929 914 2969 summum
940 2915 1058 2970 bonum.

186 3027 246 3067 non
266 3011 344 3068 enim
359 3014 450 3068 verbo
463 3015 557 3070 solum
581 3013 674 3084 poauit
691 3015 878 3085 voluptatem,
892 3013 943 3068 sed
958 3015 1058 3086 expla-

185 3107 270 3168 navit
279 3109 349 3185 quid
362 3111 483 3169 diecret.
524 3109 666 3189 Saporem,
677 3111 815 3188 inquitet
827 3129 973 3189 emporium
986 3129 1058 3170 omre

163 3247 165 3268 '
214 3271 238 3306 '¹⁹
251 3271 397 3336 hedrychum]
414 3289 435 3321 ν,
452 3273 517 3321 Clau.
529 3273 551 3320 iu
563 3274 585 3321 h.
595 3289 618 3321 v.

213 3349 235 3383 Ν
249 3355 275 3398 tu
284 3351 313 3398 Ε.
325 3353 455 3415 aurumne]
487 3351 523 3400 Sic
543 3352 566 3399 in
586 3353 634 3400 Ma.
654 3352 744 3401 Balliol.
761 3353 846 3416 reperit
859 3353 969 3410 Daritim,
981 3357 1004 3401 et
1023 3354 1060 3402 rie

184 3409 236 3457 edd.
256 3411 307 3458 Ald.
323 3413 385 3458 itan,
400 3411 479 3461 hamb.
489 3413 547 3460 olim
559 3411 645 3472 conjeci
661 3413 804 3465 adstamus.
824 3419 849 3462 cl
863 3414 895 3464 rie
911 3420 945 3462 cat
964 3415 990 3462 io
1006 3417 1058 3465 Ma„

185 3467 250 3516 leit.
263 3485 298 3530 ap.
311 3469 439 3520 Euheriuut.

170 3593 178 3604 .
227 3567 299 3610 von.
319 3569 372 3611 xv.
610 3549 674 3611 12*
757 3627 762 3636 Ι
