2558 4198
560 323 661 379 orons
680 325 812 377 scissus.
1045 327 1108 391 ³0⁵

231 471 433 546 ›tlenocrttot
453 493 522 539 nnrn
535 480 594 539 etsi
607 479 749 555 qusedsm
766 473 968 546 commutarit,
977 478 1020 545 ut,
1033 477 1112 550 quod

230 586 334 661 pnnllo
352 587 422 640 cute
445 583 485 638 de
508 580 702 638 inclinatione
724 584 886 638 stomomm
908 575 989 635 dixi:
1009 582 1111 634 temen

232 688 375 761 pleraque
408 679 483 740 dicit
512 681 639 750 endem:
669 684 792 748 sternes,
824 679 923 747 inune,
955 677 1110 751 imagines,

231 783 411 842 intinitatem
435 783 574 848 locorum,
606 778 962 852 innumerabilitntemque
990 775 1110 833 mundo·

233 897 308 953 rum,
323 899 423 941 eorurn
437 889 526 952 ortus,
540 879 685 949 interitus,
704 879 805 938 omnis
828 877 899 946 lere,
912 875 1015 952 quibus
1029 878 1110 932 nctu—

135 973 141 985 '
233 997 286 1042 rne
312 982 388 1040 rstio
412 983 588 1040 continetur.
629 981 719 1039 Nunc
739 980 818 1038 istnd
838 976 920 1052 quusi
940 993 1055 1049 corpus,
1079 979 1112 1034 et

234 1082 320 1158 qussi
339 1083 520 1157 sanguinem,
533 1081 604 1158 quid
618 1077 784 1156 intelligis?
808 1079 873 1152 Ego
896 1076 975 1134 enim
989 1076 1065 1133 scire
1078 1080 1110 1132 tc

232 1181 291 1242 ists
315 1181 428 1250 melios,
451 1198 538 1256 quum
563 1199 620 1251 me,
633 1197 694 1240 non
714 1181 808 1239 lsteor
827 1179 932 1245 solum,
953 1177 1004 1234 sed
1019 1175 1110 1234 etism

232 1282 321 1341 lccile
344 1279 447 1356 potior.
470 1283 546 1340 Cum
556 1282 674 1357 quidem
687 1279 781 1340 semet
791 1279 872 1339 diota
884 1282 961 1345 sunt,
971 1277 1041 1352 quid
1056 1279 1111 1342 est,

233 1383 310 1460 quod
321 1382 457 1440 Velleius
468 1381 634 1456 intelligere
642 1381 743 1456 possit,
752 1381 842 1440 Cotto
850 1398 909 1438 non
919 1375 1031 1454 possiti
1051 1377 1109 1435 lts·

232 1499 289 1558 que
308 1499 414 1559 cmpos
427 1482 496 1557 quid
507 1481 556 1550 sit,
570 1482 688 1556 sanguis
702 1481 770 1556 qnid
789 1481 839 1548 sit,
852 1479 1005 1553 intelligo:
1027 1461 1120 1552 qussi

232 1595 347 1655 corpus,
360 1589 392 1638 et
405 1581 487 1656 qussi
501 1580 628 1656 sanguis,
649 1581 718 1656 quid
732 1580 780 1648 sit,
793 1581 875 1637 nullo
894 1595 1008 1652 prorsus
1022 1577 1110 1635 modo

233 1679 378 1756 intelligo.
420 1681 525 1755 Neque
540 1686 571 1738 tu
586 1699 633 1738 me
652 1682 741 1748 celes,
753 1684 785 1736 ut
798 1675 982 1754 Pythagoras
996 1677 1110 1736 sotebnt

234 1780 367 1838 alienos:
389 1797 446 1838 nce
460 1782 596 1837 consulto
610 1779 686 1838 dicis
707 1782 833 1846 occulte,
857 1785 1003 1854 lemqucm
1018 1779 1109 1836 llere·

234 1881 344 1938 clitus:
376 1881 438 1949 sed,
460 1876 549 1958 (quod
575 1879 728 1937 internos
753 1876 856 1956 licent)
878 1897 916 1937 ne
940 1884 971 1937 tu
990 1877 1108 1954 quidem

234 1979 387 2056 intelligis.
429 1979 507 2038 lttnd
522 1980 612 2038 video
626 1997 754 2054 pugnare
778 1985 817 2046 te,
839 1978 954 2053 species
978 1984 1008 2036 ut
1022 1967 1160 2053 quae-2?

233 2079 301 2138 dnm
324 2081 364 2138 sit
385 2081 516 2150 deorum,
539 2098 613 2157 quac
637 2080 711 2138 nihil
737 2078 869 2138 concreti
893 2079 1009 2147 habent,
1033 2077 1110 2138 nihii
1151 2125 1157 2128 .

234 2180 332 2249 solidi,
354 2179 429 2239 nitu
450 2181 592 2256 expressi,
620 2181 694 2240 nihil
719 2181 887 2247 eminentis,
909 2180 1004 2255 sitque
1027 2195 1110 2253 pure,

232 2279 319 2348 levis,
335 2280 494 2354 perlucida.
516 2281 659 2339 Dicemus
673 2300 744 2356 ergo
754 2281 843 2350 idem,
856 2283 932 2356 quod
942 2279 974 2337 in
988 2279 1109 2337 Venere

236 2379 316 2437 Gon:
338 2396 440 2453 corpus
455 2380 528 2437 illud
542 2398 603 2437 non
625 2385 679 2448 est,
703 2382 754 2437 sed
779 2381 874 2438 simile
898 2381 1030 2454 corpori:
1052 2393 1110 2436 nec

235 2478 287 2536 iile
301 2477 389 2545 lusus,
403 2481 434 2534 ct
457 2479 585 2535 candore
602 2478 711 2535 mixtus
725 2481 820 2545 rubor,
840 2479 958 2553 sanguis
980 2485 1034 2548 est,
1055 2477 1110 2535 sed

236 2577 379 2653 quaedem
402 2575 553 2649 sanguinis
574 2575 754 2634 similitudo:
783 2577 826 2634 sic
839 2577 871 2634 in
893 2577 1039 2650 Epicureo
1052 2578 1110 2635 deo

237 2690 296 2734 non
310 2691 366 2742 res,
387 2675 437 2732 sed
452 2675 659 2734 similitudines
675 2695 768 2734 rerum
782 2695 858 2734 esse.

243 2795 248 2812 ·
276 2773 350 2842 Fac,
365 2774 404 2842 id,
418 2775 495 2849 quod
514 2793 551 2832 nc
567 2776 694 2850 intelligi
710 2777 827 2852 quidem
842 2781 947 2850 potest,
958 2775 1030 2834 mihi
1044 2791 1110 2834 esse

236 2889 413 2949 persuasum.
433 2875 508 2932 cedo
522 2873 595 2933 milri
609 2873 729 2933 istorum
743 2878 975 2934 adumbratorum
989 2875 1110 2933 deornm

236 2971 426 3042 lineamento,
441 2979 525 3048 etque
540 2974 653 3031 lormns.
696 2975 766 3034 Non
777 2977 859 3034 deest
873 2977 928 3034 hoc
944 2977 1010 3033 loco
1023 2973 1110 3047 copia

235 3073 390 3141 rctionum,
403 3073 506 3148 quihus
519 3073 626 3132 docere
642 3075 751 3143 velitis,
765 3074 906 3134 humanas
926 3091 990 3132 esse
1004 3074 1110 3131 formes

235 3171 374 3231 deorum:
395 3171 530 3247 primum,
543 3175 620 3248 quod
645 3173 687 3232 ite
702 3175 739 3232 sit
761 3175 945 3234 informatum
968 3171 1109 3246 anticipe-

133 3287 136 3297 ·
237 3277 354 3349 tumque
378 3272 525 3332 mentibus
553 3274 669 3344 nostris,
696 3280 729 3334 ut
757 3275 969 3344 homininum
993 3275 1030 3332 de
1052 3275 1109 3332 deo

236 3373 356 3450 cogitet,
369 3373 462 3444 torm:
474 3379 608 3432 occurret
621 3375 766 3434 humens:
787 3374 904 3443 deinde,
917 3381 958 3442 ut,
971 3375 1110 3450 quonism

235 3476 320 3532 mbos
343 3475 479 3538 omnihus
494 3475 631 3532 excellet
644 3480 747 3532 nsturs
760 3474 872 3544 divino,
884 3475 975 3534 lormn
995 3490 1109 3552 qnoque

236 3587 299 3630 esse
328 3575 505 3646 pulcerrimo
531 3574 658 3634 debent:
694 3591 751 3634 nec
777 3591 842 3636 esse
866 3575 993 3637 humens
1019 3577 1109 3636 udam

275 3687 347 3732 von.
362 3688 417 3756 xv*
656 3669 725 3752 26’*Ι
