2548 4208
212 299 277 362 ω
476 293 611 344 eunoun
628 293 872 350 oolnsnnuuru

211 448 296 503 muto
308 439 447 514 miserior,
460 449 569 520 quanto
582 446 640 504 ribi
661 444 777 504 videtur
800 446 914 505 beatior
927 445 940 507 l
959 465 1038 526 argo,
1051 455 1086 512 nt

211 545 243 604 hi
258 545 364 612 miseri,
386 545 430 602 sio
442 550 545 603 eontra
558 545 602 603 illi
627 545 716 616 beati,
735 561 806 622 quoe
821 547 894 606 nulli
914 555 1008 608 metue
1029 557 1086 610 ter·

211 649 286 712 rent,
306 646 404 703 nullee
426 645 624 719 aegritudines
650 648 789 714 exedunt,
817 649 915 706 nullae
942 649 1085 710 libidines

211 744 348 811 innitent,
363 746 460 801 nullae
474 744 571 801 futiles
586 745 726 811 laetitiae,
745 744 767 778 ²⁰
777 749 959 806 exsultantes
974 748 1086 824 langui·

210 845 255 904 die
270 843 458 918 liquefaciunt
479 844 686 918 voluptatibus.
727 845 769 902 Ut
793 846 879 903 maris
900 846 989 921 igitur
1007 854 1088 908 tran·

211 943 338 1020 quillitae
359 943 541 1017 intelligitur,
567 945 644 1001 nulla
674 961 711 1000 ne
736 944 856 1001 minimo
878 947 994 1020 quidem
1015 966 1085 1008 aura

209 1043 314 1102 fluetus
326 1049 554 1100 commovente:
574 1044 618 1100 elo
639 1042 731 1100 animi
752 1044 865 1118 quietue
893 1051 923 1102 et
951 1049 1084 1120 plaootuo

209 1148 301 1202 utatur
313 1143 451 1210 cernitur,
464 1159 531 1201 oum
546 1143 722 1215 perturbatio
736 1145 815 1199 nulla
829 1151 883 1212 eet,
897 1163 952 1219 qua
972 1147 1085 1205 moveri

211 1246 305 1320 queat.
347 1243 433 1315 Quod
457 1242 483 1299 ei
502 1247 556 1310 eet,
584 1243 633 1317 qui
658 1241 719 1298 vim
746 1241 889 1312 fortunae,
913 1245 961 1319 qui
984 1246 1086 1306 omnia

210 1343 347 1426 humnuq,
365 1339 470 1416 “quoe
484 1341 588 1415 ouique
610 1341 746 1400 aonidere
768 1349 898 1416 possunt,
919 1343 1085 1404 tolerabilia
1111 1393 1117 1404 .

211 1443 309 1506 dunat,
329 1459 367 1498 ex
390 1458 447 1516 quo
461 1459 517 1499 neo
532 1441 618 1500 timor
644 1459 721 1510 eum,
750 1461 806 1501 neo
833 1461 924 1518 angor
937 1443 1085 1519 attingat:

210 1541 354 1614 idemque,
378 1540 404 1597 si
426 1540 499 1598 nibil
522 1542 723 1614 eonnupieoat,
738 1546 817 1601 nulla
838 1543 973 1600 efferatur
993 1542 1088 1602 animi

209 1641 293 1699 inani
308 1643 474 1714 voluptater
495 1641 632 1715 quidest,
654 1657 707 1700 our
727 1642 753 1700 is
776 1661 835 1700 non
860 1645 961 1700 beatus
975 1643 1032 1700 eit:
1053 1647 1085 1702 et

210 1739 237 1799 ei
260 1741 334 1798 lrneo
349 1740 456 1798 virtute
480 1741 740 1816 efficiuntur„quid
765 1747 819 1808 ert,
841 1758 892 1799 aur
914 1741 1005 1799 virtue
1019 1742 1085 1816 ipra

178 1835 199 1899 7
211 1857 262 1915 per
279 1857 311 1897 ee
331 1857 391 1897 non
412 1839 521 1896 efficiat
545 1839 667 1899 beator?
709 1843 747 1898 A.
771 1841 862 1916 Atqui
883 1843 1005 1899 alterum
1024 1840 1085 1899 dioi

210 1957 271 1999 uon
285 1945 390 2012 poten,
408 1937 430 1972 ²¹
439 1938 510 2014 quin
524 1938 556 2005 ii,
570 1939 619 2014 qui
638 1939 711 1996 nibil
727 1944 868 2009 metuant,
882 1941 955 1999 nibil
977 1958 1086 2016 angan-

210 2044 266 2107 tur,
279 2037 354 2095 uihil
374 2037 596 2111 concupiscant,
610 2041 690 2096 nullo
704 2040 860 2112 impotenti
881 2040 995 2098 laetitia
1015 2041 1082 2098 effe·

101 2169 106 2182 ·
210 2142 318 2205 rantur,
341 2135 420 2194 beati
442 2136 523 2196 rint:
544 2136 642 2212 itaque
666 2138 696 2195 id
711 2137 766 2194 tibi
789 2140 941 2196 oonoedor
961 2143 1086 2198 alterum

210 2241 308 2296 autem
326 2236 389 2310 jam
411 2236 556 2311 integrum
579 2253 638 2294 uon
651 2243 705 2294 eet.
720 2239 915 2311 superioribus
935 2241 1014 2297 enim
1029 2239 1087 2298 die·

209 2337 406 2411 putationibus
420 2337 556 2394 effoetum
569 2342 624 2403 eet,
639 2355 746 2395 vacere
760 2339 841 2397 omui
861 2339 952 2398 animi
978 2348 1086 2413 pertur-

210 2436 328 2493 batione
342 2435 514 2509 raplentem.
556 2435 599 2494 M.
623 2437 768 2496 Nimirum
788 2439 876 2514 igitur
890 2440 1026 2496 conlecta
1038 2456 1084 2496 ree

209 2540 265 2594 eet.
288 2535 403 2593 videtur
422 2535 502 2592 euim
525 2536 562 2592 ad
585 2535 698 2594 exitum
722 2538 840 2595 veniere
862 2537 1002 2612 quaestio.
1045 2538 1083 2595 A.

210 2633 421 2707 Propemodum
441 2635 472 2692 id
500 2634 626 2709 quidem.
669 2635 712 2692 Μ’,
735 2637 947 2694 Verumtamen
975 2637 1085 2694 mathe-

209 2735 382 2792 matloorum
408 2735 464 2791 iate
492 2751 554 2792 moe
582 2740 637 2802 eet,
670 2751 729 2792 non
757 2741 802 2793 eet
836 2737 1084 2810 pbilosophorum.

209 2833 289 2892 Nam
302 2836 468 2909 geometrae
482 2850 548 2892 oum
570 2833 682 2910 aliquid
705 2836 812 2892 dooere
836 2837 950 2901 volunt,
963 2834 990 2890 ei
1015 2835 1085 2909 quid

98 2995 100 3000 ,
209 2917 327 2992 adeum
340 2929 401 2990 rem
415 2932 541 3006 pertinet
555 2949 663 3001 eorum,
676 2951 751 3009 quoe
772 2941 842 2991 aute
862 2935 1033 3000 docuerunt,
1053 2932 1085 2990 id

208 3038 327 3091 romunt
348 3050 402 3106 pro
425 3047 568 3090 ooneereo
582 3037 611 3089 et
632 3035 770 3105 probato:
790 3033 869 3108 illud
885 3034 972 3092 modo
992 3031 1086 3106 expli·

208 3137 289 3200 naut,
309 3133 347 3190 de
368 3147 425 3206 quo
448 3137 517 3189 ante
542 3131 615 3189 nibil
641 3132 781 3206 seriptum
804 3137 859 3192 est.
901 3131 1084 3208 Philosophi,

239 3287 263 3320 ²⁹
277 3286 418 3348 rendentes]
436 3285 537 3347 pendete
546 3297 607 3346 quar.
642 3286 746 3334 Davirius
756 3288 821 3335 addit
830 3295 859 3335 rt.

238 3367 260 3400 ²¹
275 3383 332 3427 quoa
347 3366 479 3426 laqueare
489 3366 587 3435 patrum]
605 3367 662 3412 bare
676 3365 731 3412 mibi
741 3367 886 3426 glomatorem
897 3367 997 3439 rapiunt,
1014 3367 1086 3439 iuter·-¹

210 3433 336 3486 pretentem
356 3425 462 3498 huorono.
493 3425 573 3495 erero
594 3439 681 3530 remque
697 3425 797 3496 dumque
809 3427 863 3496 'oola
881 3434 951 3488 pourt.
972 3427 1025 3473 lrbrr
1044 3423 1085 3474 ehi

209 3499 366 3545 quaeruntque,
376 3485 416 3532 alu
426 3499 481 3544 qrtue
491 3499 600 3543 torquem.
613 3499 642 3530 uu
653 3484 698 3532 lum
708 3486 762 3532 mrhr
772 3492 826 3532 ratur
832 3487 916 3548 placet.
943 3534 947 3545 ,

240 3564 265 3594 ²²
279 3563 335 3631 quin
344 3562 380 3623 it]
413 3562 516 3632 Peorciue
525 3562 615 3622 corrigit
624 3563 681 3624 quod
692 3563 716 3613 it'.
726 3565 833 3614 illudnou
843 3580 892 3615 erre
901 3565 1004 3616 latinum·
1015 3565 1085 3614 imm

211 3621 269 3684 quod
278 3636 297 3666 u
306 3633 350 3666 rou
357 3625 390 3667 eat
400 3621 458 3668 bene
465 3621 568 3670 latreum.
