2552 4208
247 341 309 404 toa
480 327 615 382 rumor,
631 325 875 386 eorrsrrcrou

244 485 356 546 rectum
387 495 452 540 esse
479 481 622 540 rideatur.
644 481 767 550 laetitls,
786 479 888 556 opinio
914 493 1018 538 recens
1044 477 1118 538 boni

219 594 221 598 ’
243 582 416 658 praesentis.
431 583 462 638 in
476 599 534 656 quo
543 581 639 640 efferri
652 588 762 642 recturo
777 600 841 640 esse
857 581 998 639 videatur.
1013 584 1116 647 metus,

242 679 344 753 opinio
357 679 553 752 impendentis
578 681 657 747 mali,
677 682 752 756 quod
777 679 961 739 intolerabile
985 693 1049 735 esse
1073 675 1117 734 vi·

242 777 353 836 dentur.
369 777 470 844 libido,
482 777 584 848 opinio
606 777 722 833 venturi
740 779 819 843 boni,
838 780 914 850 quod
938 777 975 834 sit
999 795 1036 832 ea
1053 789 1115 845 uad,

235 877 299 954 jam
321 893 457 949 praesens
479 889 543 931 esse
563 879 650 947 atque
670 874 781 930 adesse.
817 875 876 931 Sed
899 893 972 947 quae
990 875 1115 948 iudicia,

240 992 368 1053 quasque
378 973 533 1049 opiniones
554 973 800 1047 perturbationum
826 989 890 1028 esse
912 973 984 1038 disi,
1008 991 1065 1030 noo
1080 975 1113 1032 ia

241 1075 284 1134 sis
300 1073 530 1148 perturbationes
544 1075 637 1130 solum
653 1071 833 1144 positasesac
848 1071 959 1140 dicunt,
978 1070 1000 1102 ²³
1012 1089 1112 1132 verum

240 1174 294 1234 illa
307 1175 406 1239 etiam,
417 1191 491 1249 quac
505 1173 669 1230 efficiuntur
691 1172 962 1242 perturbationibus,
976 1178 1006 1231 ut
1022 1173 1114 1248 aegri·

241 1274 313 1352 ludo
326 1272 408 1346 quasi
430 1287 556 1330 morsum
580 1273 706 1347 aliquem
731 1273 838 1328 doloris
862 1273 989 1340 efficiam
1011 1278 1115 1342 melus,

239 1389 388 1430 recessum
404 1373 548 1446 quendam
559 1370 648 1430 animi
663 1376 693 1428 el
706 1371 820 1445 lugam3
842 1371 954 1429 laetitia
970 1372 1114 1445 prolosaor

240 1469 436 1540 hilaritatem
466 1470 557 1528 libido
583 1472 753 1529 effrenatam
781 1471 988 1545 appetentiam.
1013 1471 1114 1544 opina·
1166 1541 1169 1547 ,
1260 1527 1261 1554 3

241 1571 353 1630 lionern
367 1577 474 1640 autem,
485 1589 570 1646 quam
585 1572 616 1629 in
630 1589 732 1630 omnes
745 1571 930 1630 definitiones
951 1571 1113 1644 superiores

241 1670 422 1742 inclusimus,
437 1673 540 1729 volunt
554 1690 619 1729 esse
633 1673 812 1730 imbecillam
823 1671 1032 1728 assensionem.

281 1771 342 1828 Sed
356 1770 479 1845 singuiis
500 1770 761 1843 perturbationibus
773 1775 868 1842 partes
882 1769 1012 1842 ejusdem
1025 1785 1112 1843 geus-

240 1867 280 1926 ris
313 1871 408 1941 plures
438 1867 646 1940 subjiciuntur:
679 1872 711 1924 ut
734 1868 919 1939 aegritudini,
947 1869 1113 1928 invidentis

240 1966 393 2046 (utendum
407 1973 452 2024 est
466 1967 555 2032 enim,
568 1967 694 2024 docendi
716 1983 814 2034 causa,
836 1969 927 2026 verbo
941 1969 1040 2038 miuus¹
1057 1967 1113 2026 usi·

150 2127 152 2130 ,
240 2071 320 2136 tator
341 2066 477 2142 quonlam
492 2066 604 2123 invidia
619 2083 677 2122 oon
692 2065 724 2122 in
747 2083 792 2135 co,
807 2068 856 2142 qui
880 2069 1004 2135 invidet,
1017 2071 1111 2126 solum
1142 2119 1143 2123 ,

239 2165 357 2232 dicitur,
371 2166 423 2223 sed
450 2163 538 2221 etiam
562 2165 593 2223 in
617 2183 663 2232 eo,
679 2166 738 2248 *cui
760 2164 924 2244 invidetur)
944 2167 1110 2238 aemulatio,

239 2264 423 2330 obtrectatio,
463 2261 667 2333 misericordia,
706 2283 806 2341 angor,
846 2269 949 2335 luctus,
989 2282 1111 2334 maeror,

240 2379 388 2432 aerumna,
420 2363 512 2431 dolor,
541 2364 720 2430 lamentatio,
758 2367 934 2434 sollicitudo,
967 2365 1110 2434 molestia,

239 2463 399 2532 afflictatio,
425 2463 599 2537 desperatio,
633 2471 662 2521 et
690 2465 716 2522 si
743 2483 816 2540 quae
844 2471 910 2522 sunt
936 2466 974 2523 de
1000 2482 1108 2540 genere

223 2562 352 2621 ‚eodem
366 2565 419 2621 sub
441 2569 549 2622 metum
574 2569 671 2622 aulem
685 2565 814 2638 subjecta
836 2571 903 2622 sual
921 2565 1046 2639 pigritia,
1060 2582 1109 2639 pu·

238 2662 299 2730 dor,
328 2669 426 2734 terror,
454 2663 549 2732 timor,
573 2681 672 2736 pavor,
695 2664 887 2728 exanimatio,
914 2666 1108 2734 conturbatio,

189 2817 194 2826 ,
237 2762 370 2820 ιὀιιιιὶιιο.
420 2761 576 2835 Voluptati
609 2763 812 2822 malivolentia
841 2760 997 2841 ⁸⁴[laetans
1030 2766 1108 2822 malo
1157 2755 1161 2764 ’

237 2837 359 2938 alieno]
379 2861 540 2920 delectatio
543 2861 690 2936 ,jactatio
704 2869 733 2921 et
748 2863 865 2922 similia.
908 2862 1064 2920 Libidini
1057 2879 1109 2932 rra,

237 2961 497 3050 excandescentia,
508 2962 617 3030 odium,
630 2963 796 3028 inimicitia,
807 2961 961 3028 discordia,
974 2963 1108 3034 indigca-

236 3058 287 3127 tia,
301 3059 486 3126 desiderium,
499 3067 640 3117 etoetera
655 3059 804 3132 ejusmodi
826 3063 899 3118 haec
921 3065 1018 3115 sutem
1039 3057 1108 3112 deli·

206 3157 321 3220 iniunt
345 3159 401 3216 hoo
417 3159 511 3216 modo.
553 3157 752 3216 iuvidentiam
777 3174 840 3212 esse
861 3155 963 3212 dictant
984 3151 1108 3226 aegritu·

236 3257 335 3316 dinem
350 3262 514 3331 susceptam
530 3260 644 3330 propter
658 3253 775 3310 alterius
797 3269 842 3309 res
856 3252 1008 3315 secundas,
1032 3264 1107 3322 quae

264 3409 289 3442 ²³
299 3423 379 3458 υιιιιιιι
387 3410 429 3458 illo
439 3410 512 3456 eliam.
514 3409 523 3470 l
555 3406 660 3456 Davisius
670 3405 823 3466 corrigendum
833 3403 927 3510 putabat
937 3403 1049 3452 venumda
1057 3402 1105 3450 illis

233 3467 308 3523 ιιίιιι,
319 3469 384 3528 bene,
395 3469 516 3530 utopiour.

195 3551 197 3555 ’
236 3545 417 3662 aalma?
412 3547 461 3614 ..ι]
473 3549 516 3596 troc
524 3548 719 3608 estaglossalore.
728 3546 827 3612 pertint
837 3545 936 3598 eninad
946 3543 1109 3608 defiuitiooeor,r
1167 3530 1176 3535 λ
