2538 4188
456 273 750 328 urncsncnnnus
980 278 1047 348 sqq

171 421 265 506 cnjus
280 423 334 488 snb
347 421 470 501 podibus
506 493 509 500 .

201 582 336 653 Corniger
347 586 392 636 ert
402 581 493 636 valido
502 596 638 637 connexus
649 597 761 652 corpore
771 581 885 638 Taurus.

163 737 244 818 'lpus
257 743 347 814 caput
359 738 453 800 stellis
466 756 653 817 conspersum
666 749 712 800 est
726 742 925 820 frequentibus

204 899 264 956 Has
276 902 373 959 Graeci
386 904 489 970 stellas,
501 903 613 974 Hyadas
622 907 743 959 vocitare
757 907 888 958 suerunt:

169 1068 191 1110 a
217 1053 361 1126 pluendo;
382 1059 427 1114 ier
454 1055 534 1112 enirn
561 1056 740 1128 est-pluere.
783 1053 885 1110 Nostri
911 1053 1045 1128 imperite

97 1175 99 1178 ·
169 1135 306 1209 suculn's:
339 1150 360 1185 ¹⁷
373 1155 455 1228 quasi
479 1156 598 1210 asnbus
625 1157 734 1220 essent,
757 1168 817 1209 non
844 1152 882 1208 ab
906 1153 1046 1214 imbribus

173 1251 351 1310 nominatae.
388 1245 533 1309 Minor'em
547 1256 644 1308 autem
657 1251 894 1325 Septentrionem
908 1253 1045 1328 Cepheus

171 1353 267 1428 passis
278 1351 382 1426 palmis
401 1348 422 1382 ¹⁸
433 1355 514 1424 terga
527 1349 717 1426 subsequitur.

150 1565 155 1577 ¹
208 1505 334 1577 Namque
347 1508 435 1576 ipsum
447 1505 481 1559 ad
493 1509 601 1575 tergum
617 1505 772 1574 Cynosurae
789 1508 909 1561 vertitur
922 1505 1011 1565 Arcti.

174 1655 264 1716 Hunc
279 1656 430 1716 antecedit

181 1825 185 1838 “
208 1811 332 1866 Obscura
349 1813 441 1880 specie
461 1813 602 1866 stellarum
615 1811 770 1880 Cassiopea.

207 1899 287 1955 Hanc
299 1909 392 1956 autern
405 1905 504 1957 illustri
523 1910 647 1956 versatur
663 1919 777 1970 corpore
795 1906 909 1970 propter

207 1991 389 2054 Andromeda,
403 1994 543 2063 aufugiens.
556 1993 716 2060 adspectum
729 1997 833 2046 moesta
846 1995 976 2060 parentis.

206 2080 281 2136 Huic
294 2084 383 2153 Fqnus
396 2085 443 2137 ille
457 2085 552 2154 jubam
565 2087 690 2152 quatiens
703 2081 805 2150 strigore
819 2082 942 2143 micanti.

208 2171 347 2227 Summum
359 2176 493 2244 contingit
504 2182 587 2242 caput
600 2175 661 2226 alvo
676 2193 682 2224 ε
702 2174 836 2242 stellaqne
844 2175 959 2242 jungens

208 2261 279 2322 Una.
293 2269 370 2318 tenet
383 2264 505 2332 duplices
517 2267 652 2320 communi
663 2264 765 2315 lumine
778 2261 887 2322 formas.

207 2354 359 2404 Aeternum
376 2369 410 2404 ex
422 2355 502 2404 astris
514 2355 625 2418 cupiens
637 2356 802 2405 connectere
815 2352 923 2408 nodum.

208 2439 280 2492 Exin
289 2441 419 2490 contortis
428 2441 507 2492 Aries
519 2456 581 2493 cum
593 2442 718 2493 cornibus
730 2442 838 2494 haeret.

176 2589 275 2664 Quem
290 2593 406 2664 propter

208 2745 309 2807 Pisces,
323 2761 435 2815 quorum
444 2745 514 2799 alter
526 2744 646 2814 paullum
659 2747 827 2814 praelabitur
840 2751 915 2811 ante,

209 2835 248 2889 nt
260 2837 343 2904 inagis
355 2835 493 2888 horriferis
505 2837 636 2903 aquilonis
652 2839 771 2904 tangitur
783 2841 864 2890 auris.

177 2985 228 3046 Ad
243 2985 332 3058 pedes
349 2985 554 3042 Andromedae
570 2985 693 3046 Perseus
708 2986 891 3056 describitur,
1060 2992 1104 3056 4⁴

210 3139 299 3198 Quem
311 3156 414 3194 summa
422 3142 457 3193 ab
470 3144 579 3209 regione
592 3144 722 3210 aquilonis
739 3141 848 3194 flamina
860 3143 978 3209 pulsant.

210 3230 251 3283 nt
268 3230 408 3299 ¹⁹propter
421 3232 527 3285 laevum
539 3249 621 3301 gcnus
633 3233 750 3285 omnies
763 3237 842 3299 parte
857 3233 989 3286 locatas*

168 3402 173 3414 ⁸
204 3397 226 3432 ¹⁷
241 3398 326 3460 wasia
345 3400 414 3446 subur
431 3401 517 3460 urent]
549 3401 586 3448 Sic
604 3401 652 3450 Mu.
671 3399 745 3449 Guell.
765 3397 796 3446 sic
811 3403 836 3446 et
851 3399 875 3448 iu
894 3399 952 3450 Mn.
967 3402 1051 3464 reperit

177 3455 292 3508 Davisius.
324 3458 400 3513 Vulgo
410 3469 444 3505 ess
459 3461 543 3506 suibus.

206 3536 226 3570 ¹¹
242 3543 303 3594 terga
312 3538 473 3598 subsequitur]
507 3538 633 3584 Davisiuse
646 3539 691 3584 blr.
709 3537 795 3584 dedito
807 3543 875 3598 terge.
887 3539 951 3588 bene.

201 3609 319 3673 ”sanus
328 3617 505 3681 nonagenas]
520 3631 582 3676 genu
591 3617 768 3671 cunuliisltdc·
780 3622 841 3682 apud
851 3619 968 3670 Danielum
980 3620 1050 3670 bsbet
1096 3611 1097 3616 ¹
