2538 4188
248 339 312 406 892
491 333 691 387 ocurrunt
710 315 855 386 nnonun'

247 486 316 546 Jnrn
329 485 381 546 iiia
395 486 551 554 cernimus,
565 492 596 546 ut
614 493 716 546 contra
738 492 846 544 metum
860 487 890 543 el
904 483 966 544 vim
987 483 1046 543 suis
1058 481 1121 546 ”se

245 588 334 646 ermis
352 605 483 664 quaeque
497 588 643 646 defendat.
686 588 832 646 cornibus
846 582 930 654 troil,
951 585 1013 660 apri
1027 587 1121 644 denti·

246 685 309 750 bos.
323 703 416 744 morsu
433 689 551 758 leones3
582 689 660 746 ailae
681 687 750 762 iuga
764 705 806 754 sc,
828 686 905 744 aliae
922 688 1120 745 occultatione

246 789 393 844 tutantur:
414 787 569 845 atramenti
590 787 733 844 effusione
756 787 865 859 sepiae,
892 765 1121 860 torpore‘torpe·

246 884 341 942 dines.
366 889 474 944 multae
500 885 588 944 etiarn
614 887 794 944 insectantes
818 887 914 942 odoris
941 885 1121 944 intolerabili

197 984 235 1045 51
247 985 387 1043 ioeditute
412 987 571 1059 depellunt.
613 987 656 1044 Ut
670 1001 741 1042 vero
755 993 907 1058 perpetuus
928 987 1029 1042 mundi
1043 989 1122 1042 esset

246 1090 375 1153 ornatus,
390 1101 495 1159 magna
510 1084 640 1142 adhibita
661 1101 730 1142 eura
745 1092 789 1142 est
812 1101 829 1140 a
854 1077 1040 1160 providentia
1054 1087 1122 1142 deo·
1161 1069 1164 1074 ¹

246 1199 320 1248 rum,
332 1189 363 1240 ut
374 1201 489 1256 semper
497 1191 595 1240 essent
605 1191 635 1242 et
646 1183 802 1242 bestiarum
813 1200 929 1257 genera,
939 1189 968 1240 et
979 1186 1122 1252 arborum,

246 1283 435 1357 omniumque
447 1299 552 1347 rernm,
570 1281 673 1358 “quae
687 1285 766 1340 altae
788 1291 837 1340 aut
852 1283 995 1340 radicibus
1006 1299 1023 1338 a
1036 1287 1122 1351 terra,

247 1387 298 1437 aut
319 1382 455 1454 stirpibus
469 1382 695 1439 continerentur.
712 1399 786 1456 quae
800 1383 917 1457 quidem
936 1381 1033 1438 omnia
1053 1397 1122 1438 eam

248 1479 312 1538 vim
325 1480 445 1538 seminis
470 1482 579 1537 habent
598 1481 628 1540 in
649 1498 690 1549 se,
704 1485 736 1538 ut
750 1499 790 1538 ex
804 1499 864 1538 uno
879 1485 957 1555 piura
981 1473 1121 1554 generen-

248 1583 312 1638 tur:
332 1579 419 1655 idque
432 1579 532 1637 semen
547 1581 691 1639 inclusum
706 1581 795 1638 estin
809 1577 914 1638 intima
929 1586 1008 1654 parte
1021 1595 1121 1637 earum

249 1679 415 1747 honarum,
429 1697 502 1754 quac
516 1699 553 1737 ex
575 1699 687 1755 quaque
701 1681 790 1754 stirpe
813 1681 987 1738 tunduntur:
1008 1677 1122 1737 iisdem·

250 1795 306 1854 qne
320 1779 479 1836 seminibus
493 1787 524 1836 et
535 1781 667 1837 homines
681 1779 791 1838 affatim
804 1788 971 1847 vescuntur,
985 1785 1015 1836 et
1029 1787 1122 1835 terras

248 1877 379 1951 ejusdem
404 1879 518 1952 generis
551 1879 682 1950 stirpium
710 1879 902 1937 renovatione
928 1881 1120 1952 complentur.

249 1975 329 2046 Quid
355 1979 462 2048 loquar,
487 1982 593 2050 quanta
616 1979 689 2034 ratio
711 1973 746 2034 in'
766 1977 868 2034 bestiis
888 1979 925 2033 ad
951 1969 1123 2049 perpetuant

248 2072 504 2130 conseruationem
530 2091 628 2129 aarum
649 2075 765 2146 generis
786 2071 948 2146 appareat?
978 2091 1046 2130 nam
1068 2075 1125 2148 pri·

249 2187 329 2231 snum
337 2171 413 2228 aliae
424 2185 525 2237 mures,
539 2171 615 2227 aliae
627 2171 771 2228 foeminae
783 2177 867 2228 sunl:
889 2172 964 2246 quod
978 2177 1123 2248 perpetui·

250 2271 426 2328 latiscense
448 2269 742 2328 machinata'natur'a
767 2277 820 2329 est.
878 2271 997 2330 Deinde
1027 2282 1122 2348 partes

249 2369 378 2442 corporis
405 2375 435 2426 et
463 2371 499 2426 ad
527 2371 746 2442 procreandum,
774 2377 804 2428 et
832 2371 868 2428 ad
894 2357 1122 2446 concipiendum

249 2467 437 2543 aptissimae:
458 2477 488 2526 et
501 2470 532 2527 in
547 2487 635 2539 mare,
650 2477 680 2528 et
693 2469 724 2528 in
747 2463 873 2529 foemina
892 2473 1121 2530 commiscendo

252 2585 315 2628 rum
334 2578 485 2644 corporum
500 2570 589 2627 mirae
614 2571 761 2628 libidines.
803 2571 878 2630 Gom
892 2579 988 2630 autem
1003 2573 1033 2630 in
1049 2573 1122 2630 locis

253 2677 357 2728 semen'
363 2671 480 2738 insedit,
491 2670 566 2744 rapit
573 2688 691 2728 omnem
700 2672 759 2729 lere
768 2673 865 2730 cibum
877 2674 912 2729 ad
922 2671 1124 2752 sesa-‘'eoque

247 2893 250 2899 Ι
283 2836 544 2898 ”semiepiscopus
563 2838 686 2899 defended]
718 2838 823 2888 Dsrisios
841 2838 905 2886 malit
923 2839 1045 2898 Mandoni
1062 2839 1124 2902 quod

253 2895 335 2958 piacet.
347 2895 386 2942 int.
397 2895 484 2942 bestiae
495 2917 500 2942 ι
516 2903 539 2942 et
549 2899 648 2958 sequitur
658 2899 759 2958 pluralis,
770 2899 835 2954 tauri,
846 2899 903 2958 apri,
914 2905 956 2944 etc.

284 2975 306 3008 ⁴⁰
320 2989 374 3034 poss
391 2977 449 3022 oltuc
469 2981 510 3022 uui
522 2977 637 3023 radicibus
655 2991 668 3022 u
689 2981 755 3030 terro,
774 2977 828 3037 etc]
860 2977 935 3023 Valde
951 2976 1041 3023 variant
1061 2973 1122 3022 iibri.

253 3034 402 3082 Leuissimum
422 3036 543 3082 remedium
562 3043 638 3096 putens
657 3051 671 3080 a
689 3041 749 3081 tarro
764 3035 854 3094 nabuugi
883 3036 955 3082 verbo
970 3037 1041 3086 nure.-
1066 3049 1124 3096 quae

254 3095 334 3140 alosa
345 3098 412 3149 terro,
423 3109 471 3139 clun
482 3095 602 3140 adolevere
611 3099 685 3140 terrae
702 3091 821 3139 nutrientis
831 3110 904 3150 socco,
923 3099 965 3141 out
980 3109 1001 3141 r.
1020 3109 1041 3140 a.
1062 3099 1087 3140 sl.
1106 3111 1124 3142 e.

166 3171 175 3186 ·
254 3153 370 3200 radicibus
386 3153 528 3199 eontinentur
546 3155 646 3213 plantas,
665 3153 728 3198 ciera
747 3156 771 3196 st
791 3151 878 3207 similia,
898 3153 1003 3211 stirpibus
1021 3151 1123 3210 arbores,

255 3212 296 3258 nisi
307 3227 349 3272 pro
365 3216 405 3257 aut
424 3213 488 3258 mulis
508 3227 541 3269 uc,
557 3213 616 3274 qrrod
636 3211 751 3272 sequeutia
769 3211 873 3260 videntur
889 3215 991 3272 suadere,
1006 3212 1029 3260 in
1045 3213 1126 3274 quibus

254 3275 341 3317 tanturn
351 3269 451 3330 stirpium
461 3271 551 3317 mentio.
610 3275 612 3288 ’
627 3283 630 3290 “

285 3350 306 3383 ⁴¹
320 3363 383 3408 mpue
399 3353 484 3405 septum
494 3348 569 3408 fingit
582 3349 686 3410 opimat]
719 3349 828 3396 Gruterus
845 3349 940 3408 conjecit
958 3355 1070 3408 coeptum:
1085 3351 1125 3398 sed

255 3413 339 3466 septum
355 3409 410 3454 bene
426 3409 530 3454 moventi
547 3423 607 3469 sequ
628 3423 655 3454 cn
673 3414 736 3456 utero
753 3407 849 3454 cncidit.-
872 3407 922 3455 ndrn
940 3417 1024 3466 ruptum
1041 3409 1126 3456 animai

256 3469 351 3514 retertur
361 3469 389 3511 ad
408 3473 503 3523 uterum,
522 3482 566 3527 quo
581 3469 667 3528 sepitur
683 3469 777 3526 embryo
793 3469 822 3516 ad
839 3471 991 3516 maturitatem
1010 3465 1085 3532 nique.
1101 3475 1125 3516 et

256 3529 353 3582 turpium
362 3539 407 3572 uon
417 3526 474 3574 bene
482 3527 588 3574 convenit
598 3526 751 3587 verbofingit.
761 3549 764 3558 ·
