2548 4208
223 311 288 378 234
454 303 589 358 abscon.
605 309 849 368 obsessionem

223 457 378 533 numquis
398 459 481 516 dolor
505 459 554 527 sit,
576 476 692 533 semper
710 479 775 520 esse
799 461 977 538 fugiendum.
998 465 1097 544 itaque

223 561 280 617 boo
301 575 417 616 usurum
430 559 669 631 compensatione
680 561 853 636 sapientem,
867 569 898 621 ut
914 567 1097 640 voluptatem

220 657 324 732 fugiat,
337 659 363 716 si
376 675 413 716 ea
433 659 570 732 majorem
590 659 720 716 dotorem
740 658 879 718 effectura
892 662 952 720 sit:
974 670 1004 720 et
1015 666 1096 724 doto·

221 777 285 817 rem
306 757 456 831 suscipiet,
470 759 608 832 majorem
622 757 798 816 efficientem
813 762 1015 836 voluptutem
1035 781 1096 824 om·
1120 765 1123 772 '

221 857 329 934 niaque
337 857 478 932 jucunda,
491 873 663 932 quemquam
676 873 763 915 sensu
777 860 1099 936 corporisjudioeuturp
1136 881 1139 884 ·

221 960 260 1017 ad
274 959 401 1016 animum
415 957 515 1014 reterri
538 963 646 1014 tamen.
688 957 836 1029 Quocirca
849 975 953 1033 corpus
967 963 1094 1036 gaudere

188 1086 191 1098 ·
221 1058 354 1127 tamdiu,
373 1056 472 1116 “dum
487 1062 670 1130 praesentem
684 1057 792 1114 sentiat
814 1060 1013 1133 voluptatem
1034 1061 1095 1118 ani·

221 1175 300 1219 mum
314 1164 345 1216 et
359 1164 542 1232 praesentem
556 1155 705 1230 percipere
720 1157 828 1230 pariter
841 1174 908 1218 cum
922 1177 1050 1234 corpore,
1063 1164 1095 1218 et
1157 1181 1163 1192 ·

220 1257 387 1332 prospicere
409 1257 588 1324 venientem,
609 1273 665 1314 nec
694 1257 879 1330 praeteritam
893 1259 1096 1331 praeterfluere

221 1355 326 1414 sinere.
340 1355 381 1414 ita
396 1364 547 1430 perpetuas
569 1361 599 1412 et
612 1360 767 1414 contextae
789 1359 951 1430 voluptates
971 1356 1002 1414 iu
1016 1357 1094 1432 sapi·

221 1461 290 1514 ente
304 1455 364 1512 tore
378 1473 501 1529 semper,
514 1473 581 1514 oum
595 1456 777 1528 exspectatio
795 1461 971 1530 speratarum
991 1459 1093 1532 volup·

220 1559 324 1623 tatum,
344 1561 543 1629 perceptarum
558 1555 901 1632 memorieejungeretur.
945 1556 1042 1631 Atque
1055 1555 1093 1614 iis

219 1654 328 1714 similia
339 1656 375 1712 ed
390 1654 598 1713 vietumetiem
613 1655 828 1722 transferuntur,
838 1639 1092 1732 entenuanturque

219 1755 438 1828 magnificentia
459 1760 489 1812 et
510 1759 620 1812 sumtus
641 1757 799 1828 epulorum,
812 1752 887 1829 quod
905 1771 997 1828 parvo
1009 1757 1090 1814 cuttu

170 1859 323 1924 situatum
347 1859 487 1913 contenta
512 1853 557 1912 sit.
599 1853 719 1914 Etenim
746 1853 809 1930 quis
832 1854 888 1912 boc
911 1871 969 1914 nou
1002 1854 1095 1923 videt,
1166 1855 1172 1882 ²

220 1951 373 2008 desideriis
393 1939 576 2012 istaeoudiri
589 1951 711 2014 omnia?
752 1953 860 2014 Darius
879 1953 910 2012 iu
934 1953 1092 2028 fugacem

219 2066 325 2128 aquam
340 2051 491 2120 turbidam,
505 2063 535 2110 et
554 2052 746 2114 cadaveribus
761 2052 942 2126 inquinatum
962 2051 1093 2123 bibisset,

219 2151 344 2224 negavit
367 2168 500 2226 umquem
527 2169 558 2210 se
587 2152 692 2210 bibisse
715 2149 882 2222 jucundius·
923 2152 1091 2225 Numquam

220 2249 364 2306 videlicet
384 2249 485 2306 sitiens
506 2251 623 2310 biberat.
665 2249 734 2308 Nec
756 2249 885 2306 esuriens
906 2249 1091 2308 Ptolemaeus

220 2347 339 2404 ederat:
363 2347 411 2407 cui
437 2365 504 2406 eum
532 2348 697 2423 peragranti
727 2349 907 2423 Aegyptum,
935 2349 1091 2406 comitibus

219 2463 280 2504 uon
294 2449 468 2506 consecutis.
492 2449 617 2512 cibarius
638 2448 669 2506 in
692 2465 761 2506 oasa
787 2446 871 2521 panis
895 2447 979 2504 datos
1003 2451 1091 2517 esset,

219 2545 293 2606 nihil
308 2546 402 2604 visum
417 2551 461 2604 est
481 2546 534 2604 itio
555 2565 631 2619 pape
648 2546 814 2620 jucundius.
858 2545 1011 2606 Socratem
1031 2546 1092 2626 iug-

219 2651 295 2710 runt,
316 2663 383 2704 cum
398 2661 486 2720 usque
506 2646 541 2702 od
564 2637 717 2718 vesperum
741 2643 907 2703 contentius
921 2644 1091 2712 ambularet,

152 2817 156 2828 ¹
219 2744 437 2819 quaesitumque
452 2749 528 2802 esset
552 2761 590 2802 ex
604 2761 649 2811 eo,
673 2759 760 2818 quare
780 2741 810 2798 id
823 2741 953 2798 iaceret:
976 2759 1092 2816 respon·

219 2842 307 2912 disse,
320 2861 361 2912 se,
375 2860 432 2918 quo
448 2845 553 2908 metius,
565 2846 693 2909 cenaret,
707 2857 847 2914 opsonare
862 2841 1037 2898 ambulando
1050 2841 1090 2898 ia·

218 2958 307 3000 mem.
348 2940 448 3014 Quid?
468 2942 580 3004 victum
596 2938 902 3004 'Lacedaemoniorum
917 2923 943 2970 '³⁵
953 2938 985 3002 in
1000 2939 1091 3012 phidi.

219 3041 269 3099 tiis
291 3059 387 3098 nonne
409 3037 565 3096 videmus?
586 3038 635 3094 ubi
662 3055 729 3098 oum
756 3044 896 3112 tyrannus
921 3038 1091 3104 cenavisset

219 3139 391 3214 Dionysius,
412 3138 533 3211 negavit
556 3154 588 3194 se
608 3136 674 3208 jure
702 3137 754 3194 illo
779 3136 872 3211 nigro,
899 3137 975 3211 quod
997 3152 1091 3198 cenae

220 3243 392 3313 nopotem,
416 3239 601 3295 delectatum.
643 3235 723 3294 Tum
746 3237 781 3304 is,
802 3236 851 3312 qui
872 3237 923 3294 itta
947 3240 1091 3310 ooxemt;

251 3415 274 3448 ³⁴
288 3415 343 3462 dom
356 3420 489 3473 moerentem
498 3412 577 3463 sentiot
585 3413 726 3474 voluptutem]
742 3411 820 3459 sentiat
829 3411 929 3458 latinitas
939 3411 1037 3473 postulat
1046 3425 1091 3459 non

222 3475 444 3585 {rilifigtffmatireb
462 3482 488 3523 ut
507 3474 563 3520 vidit
582 3474 629 3532 jan
645 3472 766 3531 Bentlejus,
785 3471 933 3534 probantibus
952 3468 1047 3519 Darisio
1066 3476 1091 3522 et

251 3613 274 3652 ³⁵
287 3615 429 3679 inpbidits'r'r]
446 3629 467 3664 v.
479 3615 544 3664 clar.
575 3613 624 3664 Mt.
634 3612 707 3672 ouen.
718 3611 788 3663 habet
794 3609 899 3677 militib,
