2548 4208
490 309 737 382 mnnnrmnrus
985 315 1048 378 279

178 463 261 536 uini,
282 464 385 536 vedu,
405 462 507 536 nolim,
528 462 567 522 nit
590 465 672 522 certe
694 461 836 538 quaedem
854 460 963 520 tuende
985 478 1050 520 sen·

179 565 280 640 tentis.

219 666 301 724 Tum
315 661 459 736 Vettejus,
479 661 603 722 tidenter
625 679 706 730 sene,
727 664 759 720 ut
782 661 878 720 soient
902 659 960 728 isti,
975 660 1081 732 nintrn

179 768 242 826 tum
255 781 372 830 uerene,
385 780 471 838 quem
488 781 525 820 ne
547 762 679 820 dubitare
700 759 797 835 ntique
819 763 856 818 de
881 778 912 818 re
937 759 1051 818 videre·

179 868 245 925 tur:
266 867 412 937 temonem
426 864 512 922 modo
526 881 563 920 ex
584 863 703 920 deorum
723 859 861 928 concilio,
875 865 906 917 et
925 877 964 916 ex
982 858 1051 934 Epi·

178 963 243 1030 curi
255 962 459 1030 intermundiis
479 963 694 1022 descendisset:
725 960 847 1029 Audite,
865 959 969 1034 inquit,
992 977 1051 1018 non

179 1059 278 1128 futiles
309 1062 585 1137 commenticiasque
623 1060 795 1128 sententias,
822 1076 881 1117 non
915 1060 1052 1134 opificem

181 1161 460 1234 aedificatoremque,
474 1162 585 1229 mundi,
599 1160 733 1218 Plutonis
753 1160 790 1216 dc
806 1158 934 1216 'l'irnaco
947 1160 1052 1218 deum:

181 1277 239 1318 nec
252 1278 340 1318 snum
353 1260 501 1318 fatidicam
517 1260 682 1318 Stoicorum
703 1281 824 1339 egsum,
845 1277 930 1334 quam
944 1259 1053 1318 Latine

181 1358 254 1428 ticet
280 1358 495 1432 providentiam
522 1358 641 1418 dicere:
685 1379 778 1435 neque
807 1377 878 1420 veno
914 1360 1052 1418 mundum

181 1457 286 1532 ipsum,
300 1458 399 1516 enimc
424 1462 455 1514 et
473 1458 605 1516 sensibus
629 1459 801 1530 praeditum,
826 1459 989 1525 rotundum,
1010 1475 1053 1514 ur·

182 1558 313 1625 dentem,
334 1557 493 1616 volubilem
508 1559 603 1624 deum
624 1563 757 1630 portento
776 1564 807 1615 et
829 1559 970 1616 miracuta
994 1574 1053 1614 non

182 1656 390 1719 disserentium
402 1656 647 1729 philosophorum,
670 1657 721 1712 sed
736 1655 952 1712 somniantium.
984 1654 1055 1727 Qui·

97 1804 99 1808 .
183 1756 237 1816 bus
261 1753 340 1814 enim
365 1753 458 1812 ocutis
481 1753 574 1812 animi
597 1753 705 1810 intueri
731 1753 825 1826 potuit
848 1758 945 1811 vester
969 1753 1055 1812 Picto

181 1853 322 1914 fabricam
337 1853 417 1910 ittum
432 1851 506 1912 tenti
519 1852 624 1925 operis,
638 1869 695 1926 que
708 1852 836 1909 construi
858 1869 875 1910 e
889 1853 1055 1927 dematque

167 1953 333 2030 ,aedificari
355 1953 492 2010 mundum
506 1949 598 2010 inciti
619 1969 694 2026 quoe
718 1947 854 2010 molitio?
882 1969 956 2026 quse
970 1953 1055 2008 ternu·

182 2050 307 2113 monui
335 2050 384 2127 qui
399 2048 523 2110 vectes?
552 2069 626 2128 quac
651 2049 831 2110 machinae?
859 2051 909 2126 qui
930 2050 1056 2108 ministri

183 2152 257 2212 tenti
270 2151 399 2218 muneris
419 2151 534 2210 suerunt
553 2152 802 2227 quemadmodum
817 2155 915 2208 autem
936 2150 1056 2209 obedire

184 2255 216 2308 et
229 2269 330 2324 perere
352 2251 498 2311 voluntati
518 2250 675 2308 architecti
695 2249 756 2318 eir,
781 2250 868 2324 ignis,
882 2266 966 2324 equa,
981 2254 1057 2306 terre

186 2348 365 2424 potuerunt?
405 2351 492 2406 Unde
508 2367 578 2406 vero
592 2356 673 2406 ortae
686 2349 707 2382 ’Ἰ
717 2350 786 2407 iitne
798 2350 924 2424 quinque
938 2350 1057 2415 formae,

185 2469 224 2508 cx
239 2449 341 2521 quibus
355 2447 465 2521 reliqna
477 2449 720 2519 tormentuosum
731 2449 870 2506 cudentes
881 2449 917 2505 ud
928 2449 1058 2506 unimum

187 2546 372 2606 efficiendum
386 2545 595 2618 pariendosque
610 2541 735 2601 sensus?
767 2543 788 2575 ²
805 2547 922 2619 tongum
942 2552 986 2604 est
999 2563 1059 2604 om·

187 2645 247 2704 nic.
263 2663 336 2720 quae
352 2643 421 2700 tutia
435 2649 511 2710 sunt,
525 2649 556 2700 ut
569 2642 699 2716 ”optata
720 2643 821 2718 magis,
836 2660 922 2716 quom
935 2643 1060 2706 inventu

187 2745 352 2804 videantur.
372 2741 393 2773 ³⁰
406 2743 464 2800 Sed
480 2742 529 2800 itta
543 2742 679 2812 pulmonis
694 2743 819 2818 quidem,
833 2741 919 2818 quod,
938 2740 1060 2819 quinon

217 2899 241 2934 ¹⁷
256 2899 309 2945 itinn
318 2896 529 2958 cuicuiusmodi
562 2895 662 2945 Platonis
671 2897 717 2944 scil.
729 2899 787 2946 nunt
798 2915 866 2958 were,
881 2914 969 2956 morer,
985 2893 1061 2966 iurgii.

190 2989 284 3030 scuris,
301 2986 392 3021 umere.

218 3055 241 3088 ’θ
256 3057 349 3110 tructus
368 3059 399 3101 est
414 3054 498 3114 nomin]
524 3055 565 3101 int.
587 3067 700 3100 enarrare.
731 3051 825 3110 Vuigsti
844 3051 899 3098 oiim
919 3052 1006 3102 sddunt
1022 3052 1060 3108 nd,

188 3129 241 3162 nnm
252 3117 303 3159 srtd.
318 3130 349 3176 pr.
364 3115 478 3160 habebunt
493 3115 537 3160 iter
555 3114 585 3161 nd
602 3116 684 3168 omnir,
701 3111 753 3160 dein
770 3112 815 3158 iter
831 3111 931 3158 deletum
948 3117 990 3167 ent,
1008 3111 1061 3173 quis

187 3173 247 3222 Mss.
260 3176 305 3220 iore
316 3174 400 3228 atteret,
411 3178 435 3219 et
453 3181 567 3221 servotum
577 3175 614 3228 nd.
626 3173 684 3234 qood
694 3171 793 3220 resecuit
809 3175 834 3216 et
843 3171 958 3225 Davisius.
977 3169 1059 3218 inteili-

188 3233 274 3294 girqrm
286 3233 424 3292 respondere.
437 3235 475 3279 scd
494 3233 528 3280 hic
538 3238 625 3280 tentum
646 3237 764 3280 nnrrontur
783 3229 907 3278 sententies
916 3229 1060 3292 philosophe

187 3305 245 3347 mm.
257 3293 387 3340 nominarim
400 3293 506 3340 Platonis.

218 3383 241 3414 ²⁹
256 3386 326 3439 nptntn
338 3381 408 3439 magis
418 3397 483 3442 mrem
493 3381 593 3444 inuenti]
609 3380 663 3427 aiibi
674 3393 700 3424 nc
715 3383 788 3438 optare
797 3379 918 3442 opponitur
927 3393 960 3440 cp
970 3380 1057 3428 decern.-

190 3441 248 3489 unde
259 3447 328 3502 patet.
340 3441 429 3487 incentu
440 3443 461 3487 h.
472 3442 486 3487 i.
497 3455 552 3498 esne,
562 3455 620 3502 quse
629 3449 691 3487 reste
700 3440 826 3499 excogitare
836 3441 888 3496 sint,
898 3447 923 3486 rt
938 3439 1061 3489 rationibus

191 3501 248 3548 miso
258 3502 343 3546 idoneis
355 3500 436 3546 tinrrnri
452 3500 527 3561 possit.
854 3525 856 3532 ·

221 3577 242 3613 θ
256 3578 349 3636 desidie
357 3578 465 3639 mimum
474 3579 572 3642 quidem]
593 3577 682 3639 quidem
692 3577 756 3626 obest
765 3577 813 3627 Mc.
825 3575 900 3628 uuor.
910 3571 992 3630 et'iiiis
1001 3580 1062 3643 opud
