2552 4208
443 739 483 792 M.
507 743 619 792 TUirlrll
641 741 812 791 CICERONIS

205 938 635 1018 TUSCULANARUM
662 924 1047 1032 QUAESTIONUM

441 1165 505 1224 en
536 1163 579 1222 nr.
608 1161 818 1241 annuunt

484 1357 582 1406 LIBER
596 1357 746 1408 annulus.

392 1555 434 1596 DE
455 1555 675 1598 teneurunrnu
695 1554 865 1598 mentuunt.

500 1813 764 1858 ARGUMENTUM·

193 1936 310 1986 Praefatio
325 1939 388 1998 lrrrjm
405 1937 457 1985 luluri
473 1935 495 1984 in
515 1937 618 1984 laudihur
635 1935 796 1998 Philosophiae
812 1942 922 1997 emantur,
942 1951 1000 2002 quae
1014 1953 1065 1988 eum

222 2017 333 2066 medicina
342 2017 410 2064 enimi
425 2018 461 2073 eit,
472 2031 544 2079 eaque
554 2017 576 2063 iu
587 2021 700 2078 potestate
718 2021 801 2075 norun,
811 2018 920 2079 queritur,
937 2019 1030 2066 multum
1040 2023 1066 2065 et

224 2097 315 2145 hunnile
325 2095 410 2154 heberi,
420 2103 444 2143 et
455 2097 560 2158 temporie
571 2095 639 2142 tribui
654 2095 777 2144 medicinee
792 2097 898 2158 eorporir,
909 2097 971 2144 illem
988 2103 1066 2145 entem

224 2177 368 2226 rontemniet
386 2177 476 2236 negligi.
492 2193 512 2224 o.
530 2181 549 2226 l.
565 2179 587 2225 2.
603 2179 625 2224 3.
658 2177 708 2236 lpre
725 2178 870 2226 eutemliber
884 2179 1065 2236 ieenrereatnr,

223 2262 257 2316 nt,
265 2257 432 2317 nigritudinem
448 2271 493 2306 eru
512 2257 589 2304 eodm
606 2257 633 2304 in
653 2257 779 2316 mpienteer,
795 2258 966 2306 demonstretur.
998 2259 1065 2306 Prae·

224 2337 296 2386 mittit
305 2351 324 2384 n
345 2340 388 2384 1-5.
400 2343 531 2396 argumenta
541 2337 638 2394 leuiora,
652 2343 676 2382 et
686 2351 700 2382 a
710 2335 784 2383 verbi·
793 2336 925 2384 Latinorum
941 2337 1017 2395 dueta,
1027 2336 1066 2398 qui

151 2461 153 2469 ,
223 2430 312 2462 ornnem
329 2415 398 2462 enimi
419 2415 566 2471 effectioumn,
587 2414 679 2462 rationis
697 2415 780 2463 lumine
805 2429 926 2472 parentem,
946 2417 1064 2476 insaniam,

224 2493 353 2549 ementium,
364 2494 500 2542 dementiam
514 2494 638 2556 appellent,
654 2495 756 2556 adeoque
771 2510 785 2540 a
804 2499 905 2557 sapiente
923 2502 1064 2544 removeant.
1139 2527 1142 2534 ·

223 2573 352 2634 Sequuntur
361 2572 443 2620 deinde
452 2578 583 2632 argumente
601 2573 729 2621 Stoicorum
744 2579 849 2622 contorte
858 2590 878 2620 e.
894 2577 954 2624 uto.
978 2575 1066 2626 Qulluue

224 2650 337 2713 exporitie,
346 2665 387 2698 eno
396 2665 458 2698 mora
467 2655 492 2698 el
500 2652 600 2700 did'ueiur
609 2653 727 2714 eliquanto
736 2652 780 2700 ieta
788 2661 813 2698 et
824 2652 891 2701 letior
901 2653 963 2700 dicit.
984 2655 1064 2702 Orien·

223 2730 259 2778 dit
277 2745 332 2788 ergo
348 2745 367 2777 e.
386 2733 419 2778 ll.
436 2732 508 2778 numia
525 2732 671 2788 aegritudinis
689 2747 732 2779 oon
749 2734 824 2787 modo,
843 2748 921 2780 verum
939 2738 1065 2782 ceterarum

224 2812 293 2858 etiem
310 2809 511 2870 perturbationum,
526 2825 625 2858 numeru
643 2827 691 2858 eree
708 2811 737 2858 ab
751 2812 855 2871 opinione
874 2813 1025 2871 repetendam,
1041 2817 1066 2860 et

224 2890 369 2950 aegritudinir
378 2889 467 2948 quidem
483 2889 513 2935 ab
527 2889 632 2950 opinione
642 2889 715 2947 magui
729 2889 863 2948 melimine
882 2891 939 2937 hane
955 2891 1064 2939 definitio

225 2985 275 3020 uem
285 2969 352 3016 iacit:
369 2983 417 3016 eree
431 2968 558 3028 opinionem
568 2968 641 3028 maguti
652 2967 705 3014 nrall
715 2969 845 3029 prementia,
856 2974 880 3016 et
889 2970 978 3032 quidem
989 2985 1064 3018 renen·

225 3057 271 3098 tem
281 3048 327 3110 op'a
335 3049 408 3096 ionem
418 3048 471 3096 talia
480 3049 541 3104 unali,
552 3054 576 3094 ut
583 3047 608 3094 in
619 3063 647 3094 eo
658 3056 742 3095 rentum
759 3049 864 3096 videatur
872 3063 927 3106 eree,
937 3049 996 3109 angi.
1030 3051 1065 3100 ne

224 3131 267 3176 luen
275 3127 404 3175 definitione
414 3127 436 3174 iu
448 3133 492 3175 tren
503 3135 577 3189 parter
587 3127 636 3175 ebit
653 3127 785 3190 disputatio,
800 3144 892 3190 quarum
908 3129 980 3192 prima
997 3129 1065 3178 dooei

224 3207 385 3268 aegritudinem
395 3221 443 3254 eene
452 3221 479 3254 ee
488 3206 591 3268 opinione
600 3207 662 3266 rurali,
672 3223 691 3255 e.
705 3212 738 3256 1³.
750 3208 772 3254 in
782 3223 826 3271 qun
837 3209 957 3270 Epicurum
972 3210 1065 3269 retollit,

224 3289 262 3350 qni
278 3289 349 3350 iprum
359 3287 486 3348 opinionem
508 3301 556 3334 eree
574 3288 736 3344 aegritudinem
745 3287 868 3344 contendit,
884 3295 908 3336 et
918 3288 1065 3347 Cyrenaicoe,

225 3367 323 3428 quinon
342 3367 383 3414 nini
400 3367 538 3429 inopinatum
557 3366 641 3413 melum
659 3368 688 3414 ad
707 3366 867 3425 aegritudinem
883 3368 960 3416 valere
977 3374 1065 3430 putant,

226 3447 294 3508 quud,
312 3459 446 3508 quamquam
465 3445 577 3508 inoperata
592 3447 636 3493 rint
655 3445 765 3504 graviore,
786 3450 811 3493 el
827 3446 876 3508 ipra
894 3447 1067 3508 praemeditatio

224 3525 386 3584 aegritudinem
396 3525 481 3572 minuat
490 3540 509 3572 o.
524 3527 558 3572 13.
569 3525 627 3572 med.
641 3527 674 3572 11.
693 3527 725 3572 ld.
737 3529 762 3572 ul
781 3525 864 3574 merito
874 3529 1072 3589 reprehendentur·
1120 3549 1124 3560 ι

223 3603 338 3668 Epicurei,
349 3603 461 3668 qulirtanr
479 3603 674 3664 reprehendente.
692 3606 727 3652 ld.
743 3607 767 3650 et
783 3604 929 3665 cogitationen
944 3607 1017 3670 potine
1037 3607 1067 3652 ed
