2558 4198
243 341 307 408 340
492 338 538 390 un
557 337 697 391 aarum
716 339 861 394 nnonnu

241 487 361 548 alatere:
381 489 549 550 nniversam
563 496 661 550 auten
682 496 814 550 naturam
840 493 922 552 nulla
947 507 995 552 ree
1018 498 1117 570 puteat

241 589 401 661 maerim
422 595 573 664 propterea
587 593 663 666 quod
676 607 778 650 omnen
799 596 916 650 naturae
943 591 1008 666 ipra
1033 593 1115 652 coni-

242 689 292 748 aet
310 696 340 746 et
354 679 512 746 continet*
537 691 683 762 Quocirca
708 707 830 749 necesse
843 697 889 748 eat
902 707 967 749 erue
980 698 1113 767 quartum

241 787 334 856 illum,
347 795 378 846 et
391 787 563 846 uttiaairnum
577 791 777 864 gradumque
790 792 870 848 nulla
893 791 940 847 via
955 791 1046 864 putuit
1066 807 1114 850 ac·

240 889 355 946 cedere.
398 888 596 947 lrautement
613 889 773 964 graduale
798 905 856 965 quc
868 905 963 948 rernm
983 889 1114 950 omnium

240 994 343 1046 natura
358 987 491 1062 punitura
511 1005 586 1062 quae
607 988 743 1063 quoniam
770 989 837 1044 talia
863 993 917 1056 eat,
943 995 976 1047 nt
1003 991 1113 1062 praesit

240 1089 383 1153 omnibus,
397 1093 427 1144 el
443 1105 507 1145 enm
523 1089 602 1146 nulla
621 1105 666 1144 rea
691 1087 780 1160 potnit
807 1087 958 1161 impedire,
989 1105 1113 1146 necem

239 1193 294 1253 eet,
318 1187 532 1260 intelligentem
553 1204 618 1244 enee
645 1187 793 1254 mundum,
820 1192 850 1244 et
877 1187 995 1262 quidem
1020 1188 1113 1246 eliam

190 1281 197 1292 '
239 1285 412 1360 rapientem.
453 1285 531 1358 Quiri
557 1292 654 1343 autem
687 1291 732 1342 eat
766 1285 911 1355 inacitiua,
930 1301 1015 1362 quam
1045 1301 1113 1346 earn

238 1391 380 1453 naturam,
394 1403 468 1458 quae
481 1402 583 1442 omnea
599 1403 642 1440 rea
656 1384 694 1441 eit
717 1387 884 1458 complexa,
897 1401 956 1444 non
970 1385 1113 1460 optimam

191 1495 194 1510 ¹
238 1487 316 1546 dici:
337 1492 477 1551 autenm
504 1483 541 1540 eit
564 1483 684 1558 optima,
698 1500 757 1542 non
782 1484 905 1558 primurn
933 1483 1115 1546 animantem

238 1607 313 1656 aare,
327 1587 433 1646 deinde
448 1585 569 1644 attenta
590 1589 621 1642 et
640 1584 758 1643 consilii
772 1589 947 1658 compotem,
968 1593 1116 1659 postremo

237 1685 424 1762 eapientem?
444 1687 493 1762 qui
507 1687 587 1742 enim
602 1690 696 1759 puteat
711 1684 797 1742 nllter
819 1701 885 1742 eane
904 1682 1040 1758 optima?
1061 1703 1111 1744 ne-

237 1805 293 1864 que
307 1787 395 1854 enim,
409 1785 435 1844 ai
447 1785 579 1858 stirpium
600 1784 705 1842 similia
719 1783 767 1851 ait,
782 1788 832 1841 aut
846 1782 936 1841 etiam
952 1783 1110 1842 beatiamm

236 1885 348 1958 optima
362 1887 487 1958 putanda
501 1883 539 1940 sit
555 1884 658 1956 pollue,
671 1899 758 1958 quam
771 1881 946 1940 deterrima:
961 1899 1017 1942 nec
1028 1899 1112 1952 vero,

235 1985 262 2041 ai
277 1983 396 2040 rationis
424 1983 569 2054 particeps
589 1983 636 2048 ait,
658 2000 714 2041 nec
736 1983 774 2040 eit
799 1989 936 2041 tamena
963 1982 1110 2057 principio

236 2083 363 2156 capiens,
384 2097 442 2138 non
456 2079 494 2138 ait
507 2081 634 2138 deterior
648 2081 746 2138 mundi
763 2081 867 2154 potius,
880 2099 966 2156 quam
980 2082 1109 2140 humana

236 2179 374 2239 conditio.
399 2180 486 2236 homo
512 2178 591 2236 enim
615 2177 731 2252 capiens
758 2181 821 2238 fieri
848 2182 1107 2254 percurrerentur

235 2285 343 2345 autem,
364 2279 390 2335 ai
408 2277 438 2336 in
464 2284 585 2336 aeterno
611 2279 760 2353 praeteriti
780 2281 918 2354 temporie
943 2281 1038 2354 spatio
1050 2279 1109 2340 luit

234 2378 385 2452 insipiens,
400 2395 554 2454 numquam
571 2379 701 2452 prolecto
712 2379 887 2452 sapientiam
902 2385 1107 2454 consequetur.

233 2481 276 2536 lta
289 2477 344 2536 erit
364 2478 482 2536 homine
506 2479 641 2535 deterior.
683 2479 768 2552 Quod
792 2477 930 2554 quoniam
951 2480 1107 2538 absurdum

233 2583 288 2646 eal,
302 2584 331 2635 et
346 2578 461 2652 capiens
483 2593 499 2632 a
515 2577 660 2651 principio
674 2579 806 2644 mundus,
820 2581 851 2634 et
864 2579 935 2635 deun
955 2578 1108 2637 habendus

232 2684 287 2738 eat.
329 2678 433 2750 Neque
448 2675 527 2732 enim
547 2681 591 2732 eat
611 2675 765 2751 quidquam
789 2676 867 2734 ellnrl
890 2681 1005 2750 praeter
1026 2694 1108 2736 mun·

232 2777 310 2844 dum,
333 2775 382 2836 cui
406 2774 481 2832 nihil
496 2775 581 2842 abrit,
595 2775 727 2850 quodque
751 2776 879 2850 undique
905 2780 1004 2850 aptum
1017 2781 1106 2852 atque

232 2877 392 2949 perlectum
414 2876 621 2950 expletumque
641 2875 680 2933 ait
694 2875 828 2934 omnibu·
852 2874 911 2932 auia
931 2875 1058 2933 numeria
1073 2882 1107 2935 et

168 2971 368 3047 ‚lipartibua
412 2974 495 3032 Scite
517 2974 597 3030 euim
618 2974 810 3048 Chrysippus,
829 2981 860 3032 ut
888 2975 988 3048 clypei
1006 2991 1106 3044 cauea,

230 3073 432 3142 involucrum
464 3071 602 3145 vaginam
630 3078 737 3139 autem,
770 3073 880 3147 gladii:
911 3075 965 3140 alc,
990 3080 1106 3148 praeter

229 3175 379 3238 mundum,
391 3178 490 3229 cetera
509 3173 609 3228 omnia
628 3171 750 3229 aliorum
764 3189 851 3229 causa
868 3191 932 3230 aare
954 3177 1105 3248 generata,

229 3276 262 3329 ut
275 3289 324 3329 eae
338 3271 432 3346 fruges
445 3275 530 3344 atque
544 3269 660 3337 tructus,
679 3288 749 3345 quoe
765 3275 839 3330 terra
853 3271 957 3347 gignit,
972 3271 1104 3331 animan·

230 3371 301 3428 tium
315 3387 421 3437 cause3
442 3370 605 3425 animantes
624 3377 730 3434 nutem.
748 3371 921 3440 hominum
942 3374 974 3427 ut
988 3389 1104 3444 equum.

229 3468 357 3522 vehendi
373 3485 478 3536 enusq3
498 3468 609 3533 arandi,
623 3471 748 3538 bovem3
770 3469 909 3536 venantii,
920 3474 953 3526 et
975 3470 1103 3527 custodi-

227 3563 307 3630 endi,
320 3580 434 3620 canem.
476 3567 542 3638 lpse
552 3573 650 3627 autem
664 3570 750 3628 humo
763 3576 842 3628 urtun
856 3575 900 3628 cat
914 3567 1100 3628 edmundum
