2552 4208
414 413 416 432 .
511 343 610 402 uren
624 343 776 400 urentur.
1023 353 1087 420 ιω

216 501 346 564 mentum
369 503 461 576 petet,
487 497 605 577 “quum
631 495 809 558 dirrumerit.
850 494 961 564 Nolim,
985 497 1088 575 inquit.
1159 483 1163 490 ”

216 621 284 663 men
298 607 383 671 bonu,
397 601 545 669 Gruuetre.
567 599 622 658 tibi
637 598 746 658 viritim
759 597 893 656 dividere
908 599 1016 658 tinent:
1035 599 1089 660 reu

215 702 242 761 ri
268 701 370 769 tantas,
394 705 506 775 purtem
533 707 640 772 petum.
680 698 825 756 Parumne
851 698 1015 758 declaravit
1042 697 1088 758 vir

216 801 325 878 gravis,
339 806 370 858 et
389 798 518 874 sepiem,
533 793 598 872 tege
613 797 786 870 Sempronia
800 796 1005 871 patrimonium
1019 799 1087 874 pub·

216 898 308 960 linum
321 895 477 972 dineipnri?
497 898 579 972 Lege
592 896 739 954 urntinneu
761 895 913 954 Grnenhi:
935 899 1088 970 petrorium

216 998 322 1057 uererii
345 1014 409 1056 erne
432 996 523 1056 dinen.
566 995 666 1070 Negat
690 993 834 1068 Epicurus
850 997 983 1068 jneunde
1003 1013 1087 1070 purte

217 1097 293 1166 vivi,
312 1097 370 1156 nini
383 1099 450 1154 eum
464 1095 572 1158 virtute
586 1093 713 1152 vivetur.
725 1099 813 1169 neget
826 1096 916 1153 uttam
929 1095 961 1154 in
974 1095 1088 1170 snpien-

217 1200 278 1256 tem
292 1196 353 1254 vim
372 1213 437 1254 erre
459 1196 613 1253 tortunne=
634 1200 752 1252 tenuem
767 1193 879 1252 vietum
901 1194 1026 1253 antefert
1039 1212 1088 1255 nn·

217 1295 319 1372 pineo:
341 1301 429 1370 neget
455 1296 545 1352 uttum
572 1309 638 1350 eune
661 1297 785 1366 tempur,
804 1311 862 1369 quo
886 1294 1003 1367 enpienr
1026 1313 1087 1356 nou

215 1395 318 1454 bertus
332 1393 380 1452 nit.
392 1392 493 1453 omniu
506 1391 680 1465 phitoropho
689 1390 847 1466 dignured
861 1409 928 1452 eum
937 1397 1088 1469 votuptnte

218 1493 389 1570 pugnantia.
444 1493 513 1550 Nun
544 1490 631 1549 irtum
659 1490 734 1548 dicit
752 1493 942 1565 voluptutem.
996 1495 1089 1554 Dieut

217 1592 386 1668 quamlibet.
413 1606 518 1665 nempe
544 1606 611 1648 enm
637 1589 720 1656 dicit,
739 1588 770 1648 in
785 1607 842 1666 que
868 1591 985 1650 virtuti·
1005 1585 1088 1654 ¹nulle

216 1708 283 1766 pure
296 1690 377 1750 insit.
419 1693 495 1765 Age,
508 1689 534 1749 ri
548 1691 730 1762 voluptutem
753 1705 812 1747 non
826 1688 1024 1764 intelligimur,
1047 1709 1087 1752 ue

217 1791 347 1849 dolorem
367 1787 507 1867 quidem?
528 1807 605 1864 nego
631 1788 720 1864 igitur
739 1787 802 1861 ejus
825 1805 900 1858 esne,
917 1790 968 1866 qui
987 1793 1087 1852 dolore

215 1895 358 1948 nummum
372 1892 479 1948 mutum
494 1889 639 1955 metietur,
653 1888 831 1948 mentionem
851 1889 947 1946 tenere
961 1889 1086 1950 virtutis.
1128 1899 1135 1914 ·

217 1989 257 2051 Et
270 1994 427 2065 queruntur
436 1989 554 2064 quidem
568 1987 716 2061 Epicurei,
732 1987 788 2045 viri
806 1987 910 2062 optimi
929 1985 1011 2066 (uum
1025 1994 1086 2050 uul-
1096 1989 1137 2050 21

217 2092 277 2149 lum
298 2107 390 2166 genus
400 2095 445 2148 ent
458 2090 553 2148 minut
567 2085 760 2164 malitiosum)
779 2105 826 2146 me
840 2089 968 2148 studione
988 2091 1087 2150 dieere

216 2195 318 2248 eontra
333 2190 499 2264 Epicurum.
541 2189 699 2256 lucretio,
722 2188 759 2245 de
775 2188 895 2257 honore,
908 2193 958 2247 nut
970 2190 1008 2247 de
1026 2189 1088 2267 dig-

215 2289 308 2348 nitnte
322 2290 536 2348 contendimus.
562 2287 635 2345 mihi
656 2305 801 2347 nummum
814 2289 846 2346 in
866 2289 965 2348 auimo
979 2291 1087 2350 bouum

217 2388 341 2456 videtur,
355 2379 401 2445 itii
414 2395 511 2446 eutem
531 2388 711 2461 incorpore:
733 2388 805 2446 mihi
819 2389 849 2448 iu
864 2391 983 2458 virtute,
997 2392 1041 2450 itti
1054 2392 1087 2452 in

216 2487 376 2558 voluptate.
407 2492 438 2543 et
468 2486 512 2544 illi
541 2492 687 2559 pugnent:
707 2491 738 2544 et
771 2487 888 2562 quidem
921 2491 1087 2552 vicinorum

216 2583 304 2642 fidem
319 2583 483 2657 implorent.
498 2584 581 2642 multi
596 2590 693 2642 nutem
708 2590 783 2654 runt,
797 2586 846 2660 qui
866 2588 965 2646 rtatim
978 2591 1088 2651 eunun-

215 2683 287 2742 tent.
302 2700 358 2757 ego
381 2689 444 2740 num'
458 2683 492 2750 ir,
506 2684 555 2757 qui
578 2683 676 2742 diuum
698 2700 744 2742 me
760 2701 819 2742 uon
833 2687 974 2756 iuburure,
987 2695 1087 2749 netum

215 2783 380 2842 habiturum
404 2783 479 2856 qnod
494 2781 616 2856 egerint.
659 2782 736 2854 Quid
750 2781 852 2841 enim?
882 2785 919 2841 de
939 2786 1018 2845 betto
1032 2787 1087 2847 Pu·

215 2882 286 2940 nien
298 2878 417 2955 egitur?
436 2882 474 2939 de
488 2898 544 2955 quo
557 2880 622 2954 ipsu
635 2895 702 2937 eum
717 2879 795 2938 uliud
811 2877 854 2938 M.
869 2882 987 2952 Catoni,
1008 2886 1088 2946 utiud

215 2979 251 3040 1..
268 2981 396 3040 Lentulo
409 2979 565 3048 videretur,
580 2980 660 3036 nuttn
670 2978 747 3036 inter
762 2995 812 3038 ene
826 2983 1008 3042 eonnertutin
1028 3001 1088 3044 um·

216 3097 303 3156 quem
327 3081 389 3142 suit.
409 3081 441 3138 tri
465 3079 552 3138 nimie
571 3079 710 3136 irneunde
724 3085 823 3155 egunt,
838 3081 1007 3155 praesertim
1020 3101 1088 3144 eum

216 3177 255 3236 ub
269 3177 314 3234 hir
329 3193 388 3234 non
402 3193 473 3234 sene
493 3173 513 3208 ⁸⁵
523 3176 655 3235 animosa
674 3177 847 3237 defendetur
858 3179 1016 3251 sententie,
1037 3197 1089 3258 pru
1102 3159 1177 3176 „-

246 3351 270 3386 rt
284 3367 352 3412 qnam
368 3351 528 3459 ctirsuurerr'tl'¹
548 3352 585 3400 Sir
594 3353 652 3402 berre
667 3352 773 3404 Daririur
787 3368 830 3417 pre
846 3354 1088 3418 vulputummr.

217 3416 287 3474 utque
297 3411 319 3458 tu
334 3417 359 3458 et
369 3412 417 3460 Mr.
427 3411 502 3460 Gueli.
530 3413 590 3461 ubet.

118 3494 124 3514 ¹
246 3491 268 3524 ³¹
282 3489 380 3536 unimurn
394 3491 511 3552 sententia]
527 3499 569 3544 ert.
588 3491 611 3538 in
621 3507 664 3553 qun
682 3491 718 3539 rei
737 3491 876 3540 defendenda
888 3492 923 3539 rei
939 3495 1088 3556 oppuguumh

216 3549 283 3596 heile
298 3549 450 3596 vehementius
470 3551 688 3612 moveanturanimi,
706 3551 775 3601 etim
791 3551 913 3614 itntnndiffl
933 3553 1010 3617 qutlu
1028 3555 1090 3618 wip

218 3608 454 3670 manumittente
467 3607 532 3658 rebur
541 3609 644 3672 publieir.
