2552 4208
474 309 573 360 LIBER
587 307 765 358 MGUNDUS.

395 495 418 530 θ’
427 495 524 548 Quiesce
535 495 611 556 igitur,
621 499 646 542 et
656 495 735 542 vulnus
745 492 822 552 alliga.

187 608 286 692 utiam
301 631 327 688 si
341 628 510 704 Eurypylus
525 635 631 702 posset,
646 645 704 686 nou
720 631 816 700 posset
832 625 977 702 Aesopus.

424 801 483 814 ·-·-·
494 774 531 821 ubi
543 775 631 820 turtum
642 771 747 820 Hectoris

366 855 476 903 Nostram
495 869 568 900 acrem
584 853 655 900 aciem
674 852 804 900 inclinatum
814 869 853 898 e·-

186 993 217 1046 et
231 992 330 1046 uetera
344 987 472 1060 exptieat
488 987 518 1042 in
533 987 641 1042 dotore.
656 983 700 1040 sic
715 988 758 1040 est
770 983 849 1040 enim
862 983 1059 1057 intemperant

184 1089 320 1146 mititatis
331 1087 360 1144 in
372 1087 437 1144 torti
451 1087 514 1141 viro
524 1084 624 1158 gioria.
641 1101 710 1157 ergo
725 1085 797 1140 baec
811 1091 964 1142 veteranus
976 1085 1060 1142 mites

184 1187 282 1245 tacere
309 1189 430 1260 poterit:
452 1187 555 1241 doctus
581 1185 634 1248 vir,
648 1183 822 1256 sapiensque
844 1199 902 1238 non
931 1179 1060 1256 poterit?

184 1287 241 1347 lite
258 1305 328 1344 vero
342 1285 457 1352 melius,
472 1303 506 1341 ac
519 1301 577 1340 non
594 1283 690 1354 pardto
701 1283 826 1355 quidem.
869 1283 929 1340 Sed
943 1285 979 1339 de
991 1301 1060 1342 con·

183 1389 336 1444 suetudine
363 1387 459 1442 adbuc
489 1382 711 1440 exercitationis
735 1385 851 1456 loquor:
873 1385 1000 1440 nondum
1020 1385 1059 1442 de

106 1513 109 1520 ⁴
184 1486 298 1542 ratione
324 1491 352 1540 et
374 1483 529 1554 sapientia.
573 1482 720 1539 Aniculae
747 1499 834 1553 saepe
857 1483 985 1539 inediam
1017 1483 1058 1540 bi·

186 1581 284 1647 duum,
299 1590 345 1638 aut
366 1583 490 1637 triduum
505 1581 607 1638 terunt.
622 1581 731 1636 subduc
753 1583 850 1638 cibum
876 1599 965 1637 unuru
978 1581 1060 1640 etiem

187 1681 332 1738 atbtetae:
352 1681 460 1736 Jovem
475 1679 653 1752 Olympium,
666 1697 731 1736 eum
754 1679 856 1752 ipsum,
867 1679 914 1736 cui
929 1698 961 1736 se
976 1698 1058 1738 exer·

185 1781 274 1842 cebit,
299 1781 484 1852 implorabit:
505 1781 579 1838 terre
605 1798 662 1836 non
680 1798 763 1852 posse
789 1779 938 1836 clamabit.
980 1781 1058 1838 Con·

184 1880 344 1937 suetudinis
372 1899 477 1954 magns
505 1881 550 1936 vis
576 1885 629 1935 est.
654 1885 823 1952 pernoctant
850 1885 1004 1937 venatores
1024 1879 1057 1938 ia

182 1980 269 2037 nive:
291 1980 321 2037 in
336 1981 482 2037 montibus
505 1981 547 2036 uri
568 1997 600 2035 se
626 1979 782 2052 patiuntur.
823 1977 929 2036 “inde
944 1980 1057 2054 pugiles

182 2082 327 2138 caestibus
341 2081 466 2146 contusi,
482 2098 519 2137 ne
533 2079 729 2153 ingemiscunt
746 2079 871 2153 quidem.
915 2081 973 2136 Sed
988 2079 1057 2153 quid

179 2179 242 2245 hos,
257 2183 358 2255 quibus
371 2179 576 2254 Olympiorum
594 2179 727 2246 victorie,
738 2179 906 2235 consulatus
921 2179 971 2235 itte
983 2179 1056 2237 auti·

181 2297 251 2354 quus
268 2276 404 2336 videtur?
424 2279 610 2351 gladiatores,
635 2284 685 2333 aut
714 2277 819 2349 perditi
845 2277 985 2344 homines,
1006 2281 1057 2336 aui

181 2379 304 2443 barbari,
329 2396 399 2450 quas
427 2380 527 2449 pelagas
556 2374 722 2450 perierunt?
743 2395 799 2452 quo
824 2378 977 2443 modoiiti,
1005 2375 1056 2453 qui

182 2473 258 2531 bene
282 2475 407 2530 instituti
432 2480 508 2541 sunt,
528 2476 663 2548 accipere
691 2477 805 2549 pingam
829 2479 948 2542 malunt,
969 2493 1055 2551 quam

182 2573 306 2642 turpiter
321 2569 437 2628 vitare?
456 2591 540 2646 quarn
562 2593 649 2646 saepe
664 2581 782 2648 apparet
798 2576 870 2632 nihii
892 2579 1054 2644 cosmatis,

182 2689 268 2748 quam
294 2671 343 2726 vei
365 2671 484 2726 domino
510 2673 687 2739 satisfacere,
713 2676 760 2732 vet
787 2673 913 2749 poputo?
934 2677 1054 2735 mittunt

180 2771 271 2831 etium
288 2769 456 2827 vulneribus
480 2771 608 2826 consecti
622 2773 657 2827 ad
672 2773 814 2842 dominos,
834 2769 883 2850 qui
904 2780 1053 2850 quaerant,

181 2871 250 2946 quid
275 2869 378 2927 veiint.
400 2869 425 2924 si
447 2867 518 2924 satis
544 2867 588 2924 his
611 2867 718 2928 tactum
737 2873 784 2942 sit,
798 2891 830 2931 se
844 2877 923 2932 veile
936 2877 1052 2934 decum-

179 2971 259 3028 bere.
274 2969 337 3044 quis
353 2969 507 3025 mediocris
521 2967 666 3042 gladiatur
676 2968 840 3046 ingemuit?
860 2975 923 3048 quis
939 2979 1052 3034 vuttum

179 3069 304 3128 mutavit
319 3065 475 3144 umquam?
494 3069 557 3143 quis
573 3087 630 3126 non
646 3071 731 3128 modo
742 3072 833 3140 stetit,
845 3091 945 3132 verum
961 3075 1052 3134 etiam

178 3169 317 3228 decubuit
329 3169 449 3243 turpiter
463 3166 475 3232 2
495 3169 557 3246 quis
572 3187 638 3228 uum
652 3171 847 3239 decubuisset,
861 3173 965 3230 terrum
980 3173 1051 3232 reci·

178 3345 223 3380 non
240 3339 324 3379 reatum
336 3331 441 3392 videtnr;
458 3347 509 3379 nam
520 3333 591 3391 ecfari
607 3349 651 3382 non
672 3333 759 3396 passive
778 3329 867 3381 dicitur.
899 3333 978 3396 ltaque
992 3335 1050 3384 bens

131 3449 133 3454 ,
180 3391 348 3450 flentiejusnun
357 3393 417 3447 ports.

207 3471 228 3502 ⁸⁸
243 3471 336 3522 Quiesce
346 3471 428 3532 igitur]
447 3472 487 3516 boc
499 3475 533 3516 est
545 3471 662 3532 biurypyli.
688 3453 695 3471 ⁴

203 3548 229 3582 ⁴⁰
241 3547 300 3596 Inde
313 3549 421 3611 suffitu]
452 3548 510 3596 Inde
519 3547 616 3596 sbeuum
626 3541 685 3596 est'
701 3549 737 3598 An
751 3547 843 3598 Vsusne
