2558 4198
187 313 251 376 806
443 305 491 357 ou
503 305 643 356 rurum
661 299 806 356 unorum

185 441 370 534 pulcriorem.
412 455 547 516 Tertiam
571 456 714 517 rationem
739 454 857 526 affertis,
880 457 958 532 quod
979 457 1062 518 nullu

186 557 219 616 iu
233 556 291 614 elia
301 556 391 632 figure
405 557 587 616 domicilium
601 556 709 616 mentis
724 573 789 613 ease
800 554 901 628 possit.
933 557 1064 618 Primum

182 655 284 734 igitur,
316 656 464 738 quidque,¹
487 656 715 723 consideremus,
745 656 830 730 quale
858 655 906 713 ait.
934 657 1061 730 arripere

186 755 266 815 enim
285 754 356 812 mihi
383 755 536 824 videmini,
561 756 643 830 quasi
665 760 765 812 vestro
778 753 856 828 jure,
881 771 942 812 rem
955 754 966 788 ⁷
980 757 1061 814 nullu

186 855 274 914 modo
288 855 467 928 probabilem
480 852 619 934 omnium.
662 853 735 926 Quia
750 858 809 912 tam
823 869 930 912 caecus
944 840 1060 946 insuun-

186 953 364 1029 templaudis
385 955 470 1012 rebus
486 970 621 1030 umquam
641 953 705 1021 luit,
719 960 751 1012 ut
772 970 833 1012 uon
858 953 983 1022 videret,
996 971 1061 1028 spe·

186 1053 248 1112 cies
272 1053 343 1112 istas
371 1053 522 1112 homiuum
549 1055 672 1112 collatas
696 1053 728 1112 in
749 1054 829 1121 deos,
856 1058 906 1111 aut
933 1053 1060 1125 consilio

186 1153 311 1229 quodam
325 1152 498 1227 sapientum,
517 1169 574 1228 quo
592 1152 707 1212 lucilius
728 1152 842 1212 animoa
860 1143 1060 1230 imperitorum

183 1254 225 1330 ad
248 1254 367 1310 deorum
392 1255 502 1310 cultum
522 1270 541 1309 a
565 1251 645 1310 vitae
663 1251 809 1326 pravitate
833 1257 1058 1312 converterent:

184 1356 237 1419 ‚aut
258 1351 475 1426 superstitione,
497 1356 530 1411 ut
556 1358 655 1438 essent
680 1351 846 1423 simulacra,
868 1369 941 1430 quae
969 1367 1057 1410 vene·

185 1458 294 1532 rantes,
326 1453 397 1510 deos
429 1450 508 1526 ipsos
535 1470 567 1510 se
588 1451 669 1511 adire
689 1450 867 1513 crederent?
901 1453 1057 1512 Auxemnt

186 1558 285 1612 autern
307 1552 382 1610 haec
404 1553 508 1610 eadem
527 1551 644 1628 poiitae,
664 1551 801 1627 pictores,
814 1553 945 1627 opifices.
985 1551 1059 1610 Erat

186 1652 266 1713 cuim
280 1669 340 1710 nou
355 1651 452 1720 lucile,
472 1658 594 1727 agentes
614 1651 734 1726 aliquid,
759 1658 790 1710 et
803 1652 959 1710 molientes
979 1651 1059 1720 deos.

186 1745 218 1811 in
239 1752 361 1810 aliarum
384 1751 537 1810 formarum
558 1751 722 1810 imitatione
746 1769 874 1810 servare.
897 1795 900 1800 ,
919 1749 1059 1810 Accessit

185 1850 275 1909 eliam
294 1852 351 1908 isla
364 1850 465 1924 opinio
479 1851 609 1918 tortasse,
623 1852 699 1927 quod
713 1850 826 1910 homiui
847 1851 966 1926 homine
982 1849 1057 1908 nihil

144 2013 149 2023 ,
185 1949 313 2024 pulcrius
334 1949 478 2007 videatur.
521 1951 581 2008 Sed
603 1955 633 2008 tu
655 1951 723 2020 hoc,
736 1951 869 2030 physice,
890 1968 948 2010 non
964 1950 1057 2018 vides,

185 2065 271 2128 quum
292 2050 399 2106 blanda
422 2047 620 2118 conciliatrix,
640 2054 671 2108 et
691 2049 774 2124 quasi
794 2051 838 2108 sui
856 2049 894 2108 sit
916 2053 983 2108 lena
1006 2063 1056 2108 nu·

185 2147 270 2212 lura?
300 2149 351 2208 An
373 2152 457 2220 putas
478 2149 568 2205 ullam
590 2166 654 2206 esse
678 2154 753 2206 terra
776 2149 905 2224 marique
922 2151 1057 2226 ,beluam

184 2266 258 2326 quae
273 2267 331 2307 uou
345 2247 390 2304 sui
404 2246 519 2321 generis
534 2248 619 2306 belua
633 2248 761 2308 maxime
775 2247 959 2326 delectetur?
972 2232 1057 2324 'quod

105 2405 110 2416 ,¹
184 2348 216 2406 ui
230 2348 272 2406 itu
291 2352 381 2414 esset,
401 2363 453 2403 eur
473 2363 532 2404 uon
552 2347 672 2422 gestiret
694 2353 790 2407 taurus
811 2366 902 2423 equae
922 2354 1055 2408 contrec-

184 2446 305 2515 tatione‚
319 2463 408 2522 equus
424 2444 555 2505 vaccae?
578 2448 628 2506 An
642 2453 673 2506 tu
695 2447 834 2524 aquilam,
858 2453 907 2506 aut
928 2450 1056 2516 leonem,

183 2552 233 2606 aut
254 2547 429 2634 delphinum!
444 2547 532 2628 ullam
544 2548 691 2610 ,anteferre
705 2565 808 2608 censes
828 2549 947 2623 figuram
960 2543 1055 2615 auae?

183 2647 251 2722 quid
265 2646 351 2721 igitur
373 2627 487 2732 mirum,
501 2646 526 2702 si
539 2646 595 2704 hoc
610 2649 714 2704 eudem
729 2649 815 2706 modo
826 2633 937 2728 homini
951 2652 1056 2706 uatum

183 2745 379 2820 praescripsit,
392 2749 424 2802 ut
438 2745 512 2804 nihil
523 2747 658 2820 pulcrius,
669 2753 754 2822 quam
767 2745 914 2804 hominem
928 2751 1055 2820 putaret,

183 2863 249 2904 eam
266 2863 330 2904 esse
344 2862 472 2915 causam,
491 2862 542 2902 cur
555 2846 625 2902 deos
647 2845 796 2904 homiuum
817 2845 927 2902 similes
942 2855 1054 2920 putare·

128 2925 169 2988 23
184 2943 267 3012 mus?
289 2945 367 3018 Quid
379 2961 493 3014 censer,
507 2946 532 3002 si
552 2944 625 3002 ratio
640 2951 717 3002 esset
732 2945 763 3004 in
779 2943 895 3003 beluis?
916 2953 975 3002 non
1000 2963 1054 3004 suo

181 3063 309 3124 quasque
323 3045 425 3120 generi
439 3043 592 3117 plurimum
613 3043 766 3101 tributuras
792 3041 902 3102 luisse?
938 3045 980 3128 lit
995 3061 1054 3102 me·

179 3144 300 3214 hercule
314 3161 370 3218 ego
383 3139 493 3220 (diuam
515 3144 604 3210 euim,
628 3147 660 3199 ut
674 3141 782 3220 sentio)
802 3142 935 3218 quamvis
956 3160 1055 3202 amem

181 3243 245 3320 ipse
260 3261 316 3312 me,
341 3247 439 3300 tamen
461 3260 520 3300 nou
545 3243 638 3300 audeo
658 3241 766 3312 dicere,
792 3243 965 3317 pulcriorem
986 3260 1051 3301 esse

210 3397 300 3446 'nullo
316 3397 380 3444 modo
396 3398 459 3454 proi.
478 3395 589 3458 omnium]
612 3395 684 3444 rnrior
699 3398 769 3444 torma
783 3413 824 3460 pro
838 3397 940 3445 omnium
958 3397 1054 3449 minime

177 3457 319 3516 probabilem.
332 3473 381 3503 uam
391 3459 456 3505 nullo
471 3459 532 3505 mdo
542 3471 582 3520 pur
590 3461 624 3502 est
638 3475 672 3506 ca
681 3457 781 3505 minime.
793 3459 870 3518 itaque
882 3473 925 3511 nup
935 3471 991 3518 opus
1001 3461 1051 3508 erat,

97 3558 101 3564 ,
139 3545 141 3551 ·
179 3521 317 3568 correctione
337 3520 435 3568 Davisii:
463 3538 487 3568 n.
503 3508 681 3579 mprobnlt'le'm
700 3522 862 3586 omninoque,
878 3525 922 3570 etc.
956 3521 982 3570 ln
1002 3521 1050 3572 Mt.

178 3577 419 3629 uuellestomuicm
428 3582 623 3642 patracensem.
640 3581 707 3634 orale·
748 3609 765 3628 „r
796 3619 799 3626 ,
