2538 4188
231 279 294 340 388
324 293 328 308 ·
464 269 509 320 nl:
526 270 666 322 NATURA
681 271 826 324 DEORUM

229 418 460 478 incolumitatem
479 422 694 496 coagmentatio
715 401 844 488 naturae,
857 438 943 498 quern
965 439 1024 480 non
1039 439 1099 482 mo·

229 523 298 588 uet;
319 520 396 578 buno
417 521 518 578 borum
543 521 618 580 nihil
642 539 776 597 umquam
807 522 987 596 reputavisse
1016 501 1099 580 certo

228 617 302 674 scio.

177 719 218 782 47
268 715 290 748 “
304 718 379 792 Age,
399 723 430 777 nt
452 720 660 778 acoelestibus
673 722 757 779 rebus
778 723 814 780 ad
838 701 986 779 terrestres
1000 719 1100 778 venia·

227 834 309 886 mus3
330 818 455 893 quidest
469 821 500 877 in
518 821 572 886 bis,
586 820 684 894 inquo
698 838 756 877 non
772 828 891 877 naturae
905 820 979 877 ratio
993 817 1100 876 inlelli-

227 917 325 992 geutis
338 916 502 991 appareat?
544 919 702 992 Principio,
727 937 835 984 eorum,
855 937 928 1002 quae
942 919 1099 992 gignuntur

228 1035 246 1072 e
261 1021 344 1085 terra,
354 1017 458 1092 stirpes
472 1023 502 1074 et
514 1017 703 1075 stabilitatem
716 1019 787 1074 dant
800 1016 845 1083 iis,
854 1035 928 1092 quae
943 1018 1100 1084 sustinent,

227 1121 259 1173 et
282 1135 321 1173 ex
346 1120 421 1174 terra
445 1135 565 1174 succum
590 1117 790 1191 trahuntque
814 1119 927 1173 alantur
954 1134 999 1184 ea,
1025 1133 1099 1191 quae

227 1214 373 1272 radicibus
395 1217 599 1274 continentur:
620 1218 857 1290 obducunturque
878 1216 960 1282 libro.
974 1221 1022 1272 aut
1037 1233 1100 1272 cor·

225 1311 285 1370 tice
300 1312 404 1381 trunci,
416 1332 474 1388 quo
484 1315 543 1371 sint
557 1333 575 1371 a
594 1313 745 1389 frigoribus
760 1321 789 1372 et
807 1315 951 1372 caloribus
967 1311 1096 1370 tutiores.

227 1411 295 1468 Jam
311 1429 381 1470 vero
402 1414 478 1469 vites
506 1413 549 1470 sic
573 1414 729 1484 claviculis
752 1414 938 1480 adminicula,
953 1399 1116 1486 tamquam
1158 1397 1160 1402 ⁵

228 1509 370 1579 manibus,
384 1513 614 1585 apprehendunt,
627 1519 713 1588 atque
735 1531 766 1570 se
787 1513 829 1570 ita
853 1514 976 1588 erigunt,
988 1517 1020 1568 ut
1038 1509 1101 1568 ani·

227 1616 351 1668 mantes.
394 1611 472 1685 Quin
501 1613 590 1669 etiam
608 1609 657 1669 ³”a
690 1613 822 1669 caulibus
847 1611 1048 1686 brassieisque,
1074 1607 1100 1665 si

228 1727 318 1784 prope
340 1711 396 1768 sati
418 1711 486 1779 sint,
510 1717 541 1770 ut
561 1729 579 1767 a
600 1711 751 1785 pestiferis,
765 1716 796 1768 et
819 1712 1002 1777 nocentibus,
1027 1708 1100 1766 relu-

229 1827 297 1884 gere
327 1811 472 1878 dicuntur,
492 1829 548 1868 nec
576 1829 626 1868 eos
646 1813 706 1868 ulla
733 1829 770 1868 ex
807 1815 887 1883 parte
918 1810 1098 1882 contingere.

232 1909 435 1966 Animantium
456 1929 527 1966 vero
554 1915 662 1984 quanta
687 1910 814 1966 varietas
834 1907 902 1967 eet?
932 1914 1039 1982 quanta
1063 1907 1102 1964 ad

227 2023 295 2062 ‚eam
310 2023 369 2062 rem
385 2007 437 2074 vis,
453 2012 484 2062 ut
498 2007 528 2063 in
550 2023 602 2063 suo
623 2025 752 2080 quaeque
766 2024 874 2080 genere
889 2002 1102 2079 permaneant?

229 2121 347 2180 quarum
371 2103 447 2160 aliae
461 2105 547 2160 coriis
563 2109 747 2169 testaceum,
771 2102 846 2158 aliae
868 2101 947 2157 villis
963 2101 1102 2172 vestitae,

229 2205 304 2260 aliae
313 2203 404 2276 spinis
413 2202 553 2258 hirsutae:
564 2202 660 2274 pluma
670 2199 828 2268 aliosalios
837 2217 957 2273 squama
967 2199 1100 2258 videmus

229 2303 389 2358 obductas:
409 2300 481 2357 alias
496 2317 560 2358 esse
584 2301 720 2357 cornibus
740 2305 873 2366 armatas,
898 2299 972 2356 alias
992 2301 1100 2358 habere

229 2399 334 2474 effugia
348 2417 523 2474 pennarum„
560 2399 678 2458 Pastum
693 2405 790 2458 autem
804 2398 999 2457 animantibus
1014 2401 1101 2472 large,

228 2500 391 2574 etcopiose
406 2506 508 2558 natura
522 2519 598 2565 eum,
619 2500 669 2574 qui
682 2500 786 2574 cuique
803 2505 886 2571 aptus
901 2504 972 2564 erat,
986 2513 1101 2568 compa-

229 2599 315 2657 ravit.
357 2601 535 2657 Enumerare
550 2616 665 2671 possum
679 2597 715 2654 ad
730 2603 924 2670 compostum
948 2612 1101 2667 capessen-

151 2747 155 2754 .
230 2702 308 2765 dum,
322 2699 602 2772 conficiendumque,
615 2715 688 2771 quae
699 2695 737 2753 sit
750 2697 781 2753 in
792 2695 890 2770 liguris
901 2693 1101 2762 animantium,

232 2804 262 2857 et
275 2815 360 2874 quam
379 2799 490 2864 sollers,
504 2797 674 2871 subtilisque
688 2795 846 2868 descriptio
858 2793 990 2868 partium,
1004 2807 1101 2868 quam·
1203 2789 1206 2796 '
1257 2841 1258 2868 q

232 2919 288 2976 que
318 2897 497 2956 admirabilis
525 2897 634 2953 fabrica
665 2897 864 2959 membrorum,
884 2891 983 2950 omnia
1011 2889 1100 2956 enirn,

232 3017 305 3074 quae
319 2999 435 3071 quidem
455 2997 533 3052 intus
555 2995 762 3066 inclusasnnt,
783 2989 825 3048 ita
847 2995 925 3055 nata,
949 2996 1035 3063 atque
1060 2987 1102 3044 ita

232 3101 330 3156 locata
343 3094 419 3164 sunt,
434 3101 465 3154 ut
479 3095 552 3154 nibil
567 3107 666 3149 eorum
689 3106 940 3164 supervacaneum
953 3088 1001 3156 sit,
1024 3086 1102 3144 nibil

260 3268 562 3328 sangermanensem]
595 3267 688 3326 Semper
705 3263 760 3311 mihi
770 3264 840 3312 visum
859 3268 901 3322 est,
919 3263 1037 3323 legendum
1054 3277 1103 3310 esse

231 3334 310 3392 Atque.
320 3345 372 3376 nam
382 3329 431 3386 Age
441 3343 485 3374 non
494 3332 572 3387 aptum
588 3327 611 3372 h.
622 3325 637 3371 l.

261 3412 284 3444 ³⁰
296 3426 310 3456 o
321 3410 421 3458 nactus
432 3405 582 3466 brossidsqae]
600 3403 700 3450 brmricr's
710 3418 750 3464 pro
760 3403 833 3461 glossa
848 3403 917 3449 habet
928 3402 1041 3458 Davisius,
1049 3415 1102 3464 qrna

232 3469 357 3514 noualibus
367 3483 411 3513 non
421 3467 503 3514 differt.
525 3467 564 3511 sed
584 3471 657 3512 tamen
677 3467 701 3510 et
720 3461 805 3510 Piinius
820 3461 852 3512 Η.
863 3462 895 3511 Ν.
907 3461 985 3520 llvtl,
995 3465 1030 3513 24.
1052 3459 1102 3518 odit

234 3526 285 3571 tritis
297 3531 316 3572 et
327 3526 413 3572 eusdem
423 3529 443 3570 et
451 3527 501 3572 oltra
510 3538 580 3573 omne.
