2538 4188
276 299 340 364 440
527 291 886 346 nanrruaroaoruu

274 444 416 508 Pieridas.
430 448 460 502 el
469 443 582 502 Pierias
593 449 687 502 solent
699 443 803 516 paene
814 445 972 517 appellare,
981 443 1082 504 iisdem
1094 465 1151 507 not

274 544 410 612 niuibus,
419 545 522 602 eodem
532 559 661 612 numero,
671 561 727 619 quo
736 544 865 616 proxime
874 546 1044 617 superiores.
1056 549 1147 606 Cum-

273 661 330 722 que
344 649 374 702 tu
390 645 499 712 Solem,
513 643 579 718 quia
589 643 666 702 solus
678 649 765 710 esset,
777 647 953 718 appellatuu
966 664 1030 704 esse
1043 648 1145 706 dicas:

276 745 362 802 Soles
380 743 435 817 tpsi
450 761 535 818 qnam
549 743 631 802 multi
647 745 831 818 a‘theolugis
845 736 1050 818 proteruniur?
1072 765 1150 806 unus

275 859 374 902 eorum
387 844 464 900 Jove
477 851 668 915 uatus‚nepos
685 843 839 900 Aetheris:
854 846 937 909 alter,
952 845 1146 926 liyperiune:

274 943 387 1010 tertius,
412 943 557 1009 Vulcano,
580 942 642 1000 Nili
663 942 742 1012 tili03
767 943 850 1017 eujus
875 947 973 1000 urbem
1000 946 1147 1021 Aegyptii

274 1045 379 1100 volunt
393 1061 458 1104 esse
472 1061 546 1108 eam,
558 1060 630 1117 quae
646 1041 809 1115 Heliopolis
823 1044 1004 1116 appellatur:
1025 1051 1157 1119 quartus,

273 1141 308 1209 is,
321 1159 407 1216 quem
428 1141 554 1198 heroicis
579 1141 754 1214 temporibus
782 1141 924 1200 Ashanto
944 1143 1042 1200 Rhodi
1058 1162 1144 1218 pepe·

273 1239 345 1298 risse
359 1240 474 1307 (licitur,
497 1239 633 1316 ”Jalysi
649 1230 767 1307 Camiri,
781 1247 811 1298 et
825 1241 931 1300 Lindi:
953 1242 1078 1316 quimus,
1093 1243 1145 1319 qui

221 1337 263 1396 22
275 1339 394 1398 Colchis
409 1340 497 1398 lertur
514 1341 648 1406 Aeetam,
661 1346 692 1397 et
703 1340 812 1398 Circen
826 1341 1035 1414 procreavisse.
1068 1343 1143 1401 Vul-

273 1439 341 1498 aaul
355 1440 425 1498 item
440 1443 621 1513 complures:
642 1440 748 1515 primus
763 1441 857 1498 coelo
878 1446 971 1508 natos,
986 1459 1024 1498 ex
1039 1459 1098 1518 quo
1112 1447 1144 1501 et

275 1538 412 1598 Minerva
439 1540 610 1614 Apollinem
631 1557 707 1606 eum,
727 1541 809 1615 nujus
829 1539 860 1597 ia
885 1543 977 1597 tutela
1007 1542 1143 1600 Athenas
1231 1568 1236 1578 ¹

274 1639 386 1714 antiqui
408 1639 539 1698 historici
556 1657 621 1696 esse
645 1643 815 1698 noluemut:
843 1641 988 1697 secundus
1012 1641 1044 1698 in
1071 1642 1142 1700 Nilo

272 1745 369 1807 uatus,
391 1737 413 1772 '³
424 1739 544 1807 Phthas,
557 1745 588 1797 ut
603 1739 747 1816 Aegyptii
771 1741 928 1814 appellant,
948 1758 1034 1813 quem
1048 1748 1141 1799 custo·

257 1821 340 1898 'uem
353 1857 420 1896 esse
442 1840 574 1914 Aegypti
587 1841 709 1898 volunt:
729 1839 832 1897 tertius
852 1857 890 1896 ex
905 1838 994 1896 tertio
1008 1839 1096 1910 Jove,
1110 1845 1140 1898 at

270 1937 401 2003 Junone,
432 1939 481 2010 qui
510 1939 616 1998 Lemni
647 1940 777 1998 lhbriaae
810 1938 932 1995 traditur
964 1938 1138 2011 praefuisse:

272 2041 388 2112 quartus
409 2035 542 2094 Menalio
560 2037 663 2105 natus,
692 2039 740 2112 qui
767 2037 861 2095 tenuit
889 2035 996 2094 insulas
1022 2043 1140 2110 propter

273 2135 416 2202 Siciliam,
429 2151 502 2210 quae
520 2132 717 2194 “vulcaniae
740 2135 936 2196 nominantur.
977 2134 1150 2195 Mercurius·

271 2249 346 2292 unus
360 2233 453 2291 Coelo
467 2243 557 2306 patre,
571 2233 631 2294 Dis
645 2240 736 2293 matre
750 2241 853 2292 natus:
875 2237 958 2311 nujus
967 2235 1139 2294 obscoenius

270 2330 402 2392 excitata
417 2339 520 2393 natura
530 2334 661 2404 traditur,
672 2333 694 2368 π
703 2335 778 2412 quod
793 2335 932 2408 adspectu
947 2335 1138 2409 Proserpinae

272 2485 324 2536 dedi
335 2503 377 2550 pro
387 2489 474 2546 Pierio,
486 2494 512 2538 ut
521 2493 555 2536 est
565 2489 588 2536 in
598 2489 645 2537 Ma.
656 2489 730 2537 ssuell'.
745 2492 772 2536 et
790 2489 826 2536 ed.
839 2487 935 2536 Mediol.
952 2505 1003 2538 nam
1022 2489 1053 2537 sie
1063 2489 1141 2596 appal-

273 2547 322 2594 lant
339 2553 427 2596 veteres
437 2556 522 2611 patrem
535 2549 682 2604 Musarum
699 2561 745 2609 quo
754 2548 815 2610 iprae
825 2547 913 2594 Pieriae
927 2547 1082 2619 disuniuntur
1121 2549 1140 2595 i·

273 2606 322 2654 dius
334 2609 394 2654 Met.
414 2609 443 2664 V.
453 2611 503 2656 ³02.
515 2608 581 2654 docet
591 2621 641 2654 msa
649 2607 701 2654 detti
710 2609 811 2665 mxime
820 2607 943 2664 murinas
957 2622 1000 2670 pro
1014 2621 1137 2666 maome,

272 2673 299 2712 ut
310 2667 420 2714 Davisius.
430 2665 568 2713 siclatinitas
583 2667 690 2726 postulat.
701 2666 723 2712 in
734 2665 796 2712 libris
812 2665 899 2728 scriptis
913 2667 1041 2728 saepissime
1055 2667 1078 2713 in
1098 2667 1139 2714 hoc

270 2739 354 2785 genere
361 2733 472 2787 pascatur,
479 2731 508 2772 ut
517 2724 539 2772 ia
549 2726 592 2770 fiae
601 2723 664 2770 verhi
672 2739 698 2771 nr
707 2731 731 2771 st
740 2740 752 2771 ι
760 2731 921 2786 permutentur.

302 2805 327 2840 '³¹
341 2805 381 2852 Jul
410 2805 423 2858 ¹.
431 2804 527 2859 Camiri,
538 2804 592 2864 eto]
611 2803 778 2862 intelligendum
794 2812 828 2850 est
835 2807 907 2862 pour,
917 2804 964 2851 sive
972 2804 1046 2866 potius
1056 2805 1137 2852 adien-

273 2865 333 2918 dum,
343 2871 369 2910 ut
386 2873 460 2912 aetum
470 2879 484 2909 a
493 2863 594 2911 Davisio.
605 2879 657 2910 naut
666 2863 722 2910 haee
731 2863 815 2924 ellipsis
824 2877 868 2910 aunt
875 2864 943 2912 estu
953 2863 1026 2912 latino
1037 2877 1139 2912 sermone

272 2923 363 2972 usitata.
394 2923 485 2970 Patrem
503 2921 576 2980 Jalysi
591 2922 646 2968 iacit
663 2922 731 2968 solem
750 2922 862 2970 Amobius
876 2936 927 2968 cum
944 2922 1000 2970 aliia
1011 2923 1062 2970 edu,
1081 2928 1136 2970 neu.

272 2983 382 3044 quaedam
393 2983 476 3030 habent
484 2995 551 3028 unum
559 2979 640 3040 Ialysi,
651 2988 693 3027 ete.
706 2995 764 3042 quae
774 2995 817 3028 vox
826 2981 849 3027 in
859 2981 961 3043 exemplo
970 2996 1021 3030 meo
1030 2983 1066 3029 ed.
1078 2981 1135 3030 vm.

273 3046 336 3090 ΗΜ.
352 3042 465 3104 adscripta
474 3046 516 3087 eat.

302 3122 326 3155 ⁷³
341 3121 432 3177 Plator,
444 3121 533 3178 ntAeg.
543 3119 603 3180 app]
634 3118 720 3166 Verum
728 3117 1023 3174 mesonma-non
1033 3118 1101 3187 Opas,
1111 3121 1136 3166 ut

271 3179 356 3226 habent
375 3180 426 3225 libri
447 3182 494 3226 tere
503 3189 588 3233 ornnes,
602 3179 685 3224 dudum
699 3177 742 3225 viri
757 3178 818 3226 doen
833 3191 959 3240 sanorem
973 3177 1076 3240 igiturrd
1086 3191 1135 3226 suu

271 3236 367 3286 Darisio
376 3238 470 3298 reposui.
481 3252 503 3283 v.
514 3243 538 3284 et
547 3237 612 3283 clav.
624 3235 646 3282 in
656 3237 721 3293 opus.

299 3317 325 3350 ’Μ
341 3317 464 3366 Volcaniae
482 3315 650 3376 nominantem]
681 3315 718 3362 Sis
736 3313 814 3361 hahuit
831 3315 879 3362 Ms.
899 3313 1022 3363 hanuet
1040 3313 1073 3364 tia
1089 3313 1136 3363 sine

270 3375 340 3424 dubio
349 3376 472 3436 legendum.
484 3391 527 3424 non
537 3375 718 3430 nominabuntur.
729 3380 753 3422 ut
763 3379 797 3420 est
807 3374 830 3420 in
840 3373 944 3434 vulgatis.

268 3453 772 3571 uam-mammutium
785 3453 875 3504 ruem
883 3453 1008 3516 paulus,
1018 3451 1138 3500 mss·
