2538 4188
471 297 762 350 nrnnssncuunus.
979 304 1046 370 epp

175 451 287 520 septum
314 445 399 524 fingit
422 447 553 506 enimsi:
583 450 658 522 quod
679 465 745 506 cum
764 447 789 496 -⁴'
802 467 840 508 ex
865 453 947 508 utero
966 452 1044 526 elsp-

173 561 237 604 sum
261 547 391 616 excidit;
412 548 444 604 in
468 547 505 606 iis
532 547 737 618 euimuutibus,
763 567 837 626 ques
865 553 942 608 tecte
963 553 1045 610 siun·

172 648 224 714 tur,
258 645 353 702 omnis
380 645 440 708 iere
467 646 549 704 cibus
577 653 699 707 metrum
726 652 886 708 lactescere
917 649 1042 722 incipite

172 759 273 816 esque,
293 761 366 817 quse
392 747 490 817 pnuiio
510 751 579 804 unte
607 729 777 818 uerterunt,
802 749 867 806 siue
895 749 1044 822 magistro,

171 841 247 898 duce
262 848 372 911 ustura,
394 861 533 904 mammes
557 853 707 920 oppetunt,
733 863 890 921 ceruumque
912 849 1044 905 ubertute

173 943 343 998 saturentur.
398 945 507 1019 Atque,
535 951 566 1002 ut
592 945 800 1020 intelligamus,
836 944 910 1002 nihil
943 945 1045 1002 horum

174 1055 239 1094 esse
260 1039 415 1109 fortuitum,
435 1049 466 1100 et
486 1045 560 1102 haec
585 1044 685 1102 omniu
708 1061 773 1100 esse
797 1060 886 1115 opere
905 1042 1045 1115 providae

173 1139 354 1214 sollertisque
382 1149 520 1216 naturee;
555 1163 629 1218 quae
657 1142 834 1216 multiplicer
861 1143 954 1200 foetus
975 1159 1044 1216 pro·

174 1243 285 1306 creant,
299 1245 330 1295 ut
350 1257 425 1306 sues,
447 1246 479 1298 ut
502 1259 600 1312 cenes,
626 1242 671 1299 his
696 1258 885 1300 mammarum
908 1243 977 1300 dote
999 1245 1046 1300 est

172 1338 341 1406 multitudo:
362 1355 433 1413 quoe
448 1342 565 1399 eusdem
581 1359 687 1415 peuces
709 1343 820 1399 hebent
845 1359 898 1399 ene
923 1340 1045 1409 bestiae,

172 1453 245 1511 quae
274 1455 367 1509 pauco
388 1438 520 1512 gignunt.
576 1441 654 1514 Quid
678 1441 785 1508 dicem,
813 1445 937 1515 quantus
963 1455 1046 1496 emor

171 1535 329 1593 bestiarum
343 1537 382 1594 sit
405 1538 437 1594 in
458 1539 618 1596 educandis
639 1540 896 1614 custodiendisque
910 1539 957 1604 iis,
971 1553 1045 1610 ques

173 1643 408 1708 procreaverunt,
423 1655 513 1711 nsque
532 1639 568 1694 ed
588 1655 655 1694 eum
680 1639 777 1705 finem,
791 1639 859 1694 dum
882 1635 994 1710 possint
1013 1651 1046 1692 se

171 1733 235 1808 ipsa
249 1734 428 1794 defendere?
449 1735 505 1798 etsi
518 1735 624 1808 pisces,
639 1743 670 1794 ut
681 1737 774 1812 ejunt,
787 1753 845 1793 ove
859 1753 925 1794 eum
939 1751 1046 1808 genue-

173 1838 248 1901 runt,
264 1834 438 1910 relinquunt.
453 1835 541 1893 snciie
554 1835 633 1894 enirn
647 1836 698 1894 iile
720 1853 794 1911 eque
808 1840 838 1893 et
858 1834 1044 1900 sustinentur,

171 1936 202 1988 et
216 1932 324 1990 foetum
338 1933 472 1992 tundunt.
515 1935 695 1994 'testudines
709 1942 817 2001 eutem,
830 1939 861 1991 et
881 1934 1043 1992 crocodilos
1054 1928 1097 1988 52

171 2031 282 2099 dicunt,
296 2049 362 2090 cunr
376 2033 407 2090 in
432 2038 508 2090 terra
528 2040 640 2108 partum
655 2034 809 2102 ediderint,
833 2035 955 2091 obruere
975 2049 1044 2101 ovs,
1152 2047 1153 2052 ’

170 2130 277 2188 deinde
291 2131 450 2189 discedere.
471 2133 513 2190 itu
528 2140 558 2190 et
581 2139 747 2201 nascuntur,
761 2140 791 2192 et
805 2134 967 2190 educentur
980 2131 1046 2204 ipse

171 2247 222 2302 per
236 2247 309 2285 sese.
340 2231 417 2287 'Jnm
431 2233 570 2304 galiinae,
584 2250 711 2306 avesque
726 2233 855 2307 reliquae
869 2237 899 2290 et
914 2231 1044 2306 quietum

172 2327 370 2398 requiruntur]
385 2327 556 2397 pariendum
579 2331 686 2392 locum,
705 2335 736 2384 et
755 2330 864 2386 cubitis
878 2331 934 2388 sibi
949 2329 1044 2386 nidos·

172 2441 229 2497 que
266 2429 445 2490 construunt,
473 2441 579 2497 eosque
615 2442 700 2499 quarn
727 2431 846 2497 possunt
873 2429 1043 2486 mollissime

173 2523 368 2590 substernunt,
396 2527 427 2578 ut
451 2537 537 2596 quem
561 2521 700 2580 facillime
722 2539 781 2580 ova
804 2527 973 2578 serventur:
1005 2541 1045 2581 ex

174 2622 276 2696 quibus
291 2622 384 2694 pullos
397 2637 464 2678 curn
478 2620 664 2686 excluserint,
678 2621 720 2678 ite
741 2625 865 2688 tuentur,
879 2625 910 2676 nt
931 2625 962 2676 et
976 2637 1045 2692 pen·

169 2721 215 2778 nis
232 2720 361 2787 foveant,
383 2737 420 2778 ns
435 2719 539 2794 frigore
564 2721 729 2790 medantum
751 2725 790 2786 et,
814 2719 839 2776 si
861 2723 907 2776 est
927 2719 1044 2776 coloro

173 2822 245 2887 sote,
269 2837 301 2877 se
325 2823 483 2892 opponunt.
525 2817 600 2876 Cum
624 2823 721 2875 nutem
749 2818 821 2891 pulli
845 2816 979 2890 pennulis
1001 2816 1043 2874 uti

172 2923 302 2993 possunt,
330 2922 391 2974 tum
420 2919 534 2974 volatus
562 2933 660 2974 eorum
689 2921 794 2974 matres
817 2921 1042 2990 prosequnutnrr

173 3017 285 3090 relique
298 3033 368 3072 cure
388 3017 554 3073 liberentur.
594 3013 615 3046 ⁴³
630 3015 759 3074 Accedit
777 3016 815 3072 ed
840 3015 1044 3072 nonnullorum

173 3115 375 3181 animantium,
398 3120 429 3172 et
442 3131 540 3172 esrum
555 3131 657 3181 rerum,
670 3131 740 3188 quas
754 3118 830 3171 terre
850 3112 954 3188 gignit,
974 3129 1043 3170 con·

172 3215 379 3283 servationem,
393 3218 424 3272 et
437 3215 570 3282 salutem,
585 3213 733 3272 homiuem
750 3212 840 3270 etiem
859 3211 999 3279 soiiertie,
1012 3216 1043 3270 et

202 3381 225 3413 ⁴²
238 3385 337 3428 enutew
355 3382 453 3438 stuprum
470 3379 561 3442 eccidit]
582 3381 721 3442 pleonasmus
739 3379 761 3425 in
780 3379 879 3435 clupeum
897 3377 979 3424 crodit
997 3393 1041 3428 non

172 3437 255 3500 placet.
268 3455 347 3486 vereor
357 3455 383 3488 nc
393 3443 415 3487 in
425 3440 507 3488 cncidit
516 3441 546 3487 sit
556 3440 641 3486 vitium.
657 3453 685 3485 eu
694 3438 737 3484 run
746 3437 801 3483 exiit
810 3453 840 3484 se,
854 3437 877 3483 in
885 3437 964 3486 lucem.

203 3537 226 3570 ⁴³
241 3540 329 3586 Accidit
338 3539 404 3587 niem
419 3563 428 3572 ·
443 3565 452 3572 -
466 3538 582 3586 huminum
599 3535 780 3599 ettcmrotlertr'u]
801 3535 861 3600 prius
871 3539 937 3589 stium
949 3537 1040 3602 deisvi3

174 3598 291 3662 utrumque
300 3599 379 3648 abesse
388 3597 560 3662 persenserim
571 3598 667 3650 aiterum
677 3597 752 3646 dehet.
