2558 4198
475 341 729 395 ursnsrnnrus:
975 354 1040 416 ,Μ

167 497 320 560 teretem
333 491 375 551 its
399 493 530 551 feeeretr'
554 493 640 566 Quin,
662 497 779 569 quanto,
803 492 908 570 inquit,
932 494 1041 556 diutius
1095 511 1102 548 .·

169 594 332 660 considero,
351 590 464 650 ¹'tento
485 593 557 650 mihi
579 610 625 649 res
646 593 763 652 videtur
783 595 939 652 obscurior.
981 596 1041 654 Sed

170 692 354 750 Simonidem
379 689 501 748 arbitror
522 692 595 768 (non
620 693 699 750 enim
721 692 808 766 poiite
821 695 916 752 sotum
933 693 1041 764 mvn,

166 793 188 830 '⁸
201 813 302 854 verum
331 795 420 854 etiem
440 801 539 855 cetere
559 815 644 874 quern
665 799 770 858 doetus
790 798 965 875 sapiensque
986 803 1042 858 trs·

167 894 259 974 ditur)
272 897 340 972 quin
359 898 449 954 mutto
470 897 608 956 venirent
627 898 657 954 in
681 903 811 954 mentem
835 901 932 964 acute
954 901 1042 971 etque

167 994 294 1064 subtitin,
315 995 505 1064 dubitantem,
529 997 598 1070 qnid
619 1013 719 1054 eorum
745 1001 824 1052 esset
846 994 1042 1065 verissimum,

168 1095 338 1168 desperasse
362 1099 478 1153 omnem
503 1095 668 1154 veritatem.
709 1094 854 1168 Epieurus
876 1111 948 1152 vero
974 1099 1041 1152 tuns

168 1191 250 1272 (num
278 1211 345 1251 eum
371 1193 424 1251 itto
444 1197 524 1254 meto
550 1195 702 1258 disserere,
726 1189 1041 1270 quantecumque

168 1291 340 1368 dicitquod
362 1311 421 1352 non
442 1295 529 1351 modo
549 1293 734 1369 philosophia
754 1291 907 1368 ”dignum
927 1292 975 1360 sit,
988 1292 1041 1350 sesi

167 1393 307 1451 mediocri
321 1391 497 1467 prudentis?
799 1392 802 1396 ’

208 1493 364 1564 Quaeritur
384 1493 508 1566 primum
535 1496 566 1552 in
590 1512 626 1552 ea
647 1495 809 1570 questione,
838 1511 913 1568 quse
935 1498 980 1552 est
1001 1493 1039 1550 de

167 1594 270 1648 natura
283 1593 412 1659 deorum,
426 1591 524 1650 sintne
537 1593 589 1659 dii,
612 1611 707 1650 neone
731 1596 800 1651 sint.
843 1593 974 1651 niffieite
994 1594 1041 1649 est

168 1707 284 1762 negare.
309 1691 407 1758 oredo,
431 1691 457 1749 si
485 1693 516 1748 in
541 1691 685 1776 eunoione
709 1679 877 1767 quaerentum
908 1693 959 1748 sed
979 1689 1040 1748 “in

168 1790 332 1864 hujusmodi
342 1808 485 1857 sermone,
499 1796 530 1848 et
551 1791 581 1849 in
595 1809 745 1856 consessu,
760 1791 940 1848 tseittimum.
984 1791 1041 1847 lta·

166 1907 222 1960 que
243 1907 299 1963 ego
312 1891 374 1963 ipse
389 1891 530 1964 pontifex,
546 1890 595 1965 qni
610 1891 811 1948 eaeremoniss
826 1890 1041 1963 religionesque

166 1989 298 2063 pubiions
325 1989 510 2047 sanctissime
533 1991 658 2046 tuendas
679 1989 809 2055 arbitror,
830 1989 856 2046 is
878 1990 943 2056 hoo,
963 1986 1040 2063 quod

167 2087 358 2162 primunrest‚
371 2105 436 2146 esse
459 2090 530 2146 deos
550 2088 716 2161 persuaderi
731 2087 803 2145 rnihi
817 2105 875 2146 nou
900 2087 1040 2160 opinione

168 2189 269 2252 sotum,
291 2188 342 2244 sed
357 2187 446 2245 etism
467 2189 515 2246 ad*
530 2189 685 2246 veritatem
713 2167 800 2260 ptsne
824 2185 924 2244 veiim.
949 2189 1041 2244 mutto

168 2285 247 2342 enim
261 2292 425 2351 occurrunt,
446 2305 520 2361 quae
544 2289 727 2352 conturbent,
743 2292 774 2342 ut
796 2285 941 2344 interdum
965 2283 1040 2344 nulii

168 2401 233 2440 esse
249 2384 410 2440 videantur.
452 2385 512 2438 Sed
528 2385 605 2448 vide,
626 2399 710 2456 quum
727 2387 823 2440 teennr
838 2401 923 2458 agorn
938 2384 1040 2442 tibers-

168 2476 243 2538 liter.
263 2495 336 2553 quse
350 2480 516 2552 eommunia
530 2485 597 2536 sunt
618 2479 779 2536 vobiscum
793 2482 902 2538 ceteris
916 2483 1041 2553 philosos

167 2577 245 2652 phis,
261 2595 318 2634 non
333 2575 485 2651 attingam,
499 2585 529 2633 ut
545 2578 600 2634 hoe
612 2580 725 2648 ipsum:
746 2580 842 2650 piacet
856 2579 936 2636 enim
950 2579 1041 2638 omni·
1117 2572 1123 2582 ’

169 2675 223 2734 bus
242 2676 311 2744 tere,
320 2665 453 2751 ¹mihique
468 2675 521 2749 ipsi
536 2675 566 2734 in
580 2677 688 2750 primis,
702 2677 773 2734 deos
787 2694 860 2734 esse.
871 2675 971 2750 ituque
981 2693 1041 2736 non

169 2793 276 2852 pugno.
302 2775 445 2833 rationem
466 2777 564 2833 tumen
583 2791 658 2842 sem,
672 2793 777 2851 quaes
792 2783 820 2833 te
834 2769 960 2845 suerrus*
981 2791 1041 2835 non

198 2930 220 2963 ⁸⁸
234 2935 295 2978 iunio
302 2930 359 2977 mitt
368 2944 404 2976 res
417 2929 508 2976 uidetur
523 2930 655 2992 obscurior]
689 2929 748 2977 Dedi
765 2945 800 2976 res
809 2946 822 2976 e
832 2929 890 2977 Mss.
904 2934 950 2976 tum
962 2931 1039 2980 Deris.

168 2993 216 3038 ium
226 2987 301 3037 tiuelt.
312 3005 353 3050 pro
364 2989 456 3048 vulgato
465 3003 516 3046 spes.
529 2990 561 3036 trs
569 2997 590 3037 et
603 2989 654 3036 edd.
667 2996 722 3035 vett.
736 2994 761 3035 ut
774 2991 824 3037 stt.
838 2989 916 3036 [amb.
929 2993 972 3038 eto.

197 3069 220 3102 θ
234 3083 313 3116 oerum
330 3068 397 3114 ιίῑαπ
414 3069 521 3139 raimpret
536 3069 623 3138 anns]
647 3069 754 3128 ceteroqui
763 3083 808 3116 non
823 3069 926 3116 usuvenit
938 3069 1041 3116 huiusne·

168 3143 220 3177 me
236 3127 402 3174 nosententise.
435 3127 540 3174 Davisius
557 3129 629 3173 edidrt
646 3131 715 3173 cetero
731 3142 814 3188 quoque
833 3142 847 3173 e
863 3128 920 3175 Μιπ
943 3127 995 3180 suis,
1015 3133 1040 3175 nt

168 3187 239 3235 hebet
256 3187 325 3234 etiarn
343 3187 379 3233 ed.
401 3186 452 3234 Md.
471 3187 508 3233 sed
519 3201 560 3232 nee
574 3187 616 3233 hoe
650 3187 707 3232 taret
725 3187 768 3233 nisi
783 3188 886 3233 detentus
901 3187 967 3232 etiam
993 3186 1039 3235 ΜΙ.

168 3245 243 3296 ouer.
255 3250 325 3294 cetero
342 3260 400 3306 pso:
417 3247 543 3306 quodenset
561 3261 603 3307 pro
619 3203 665 3292 ofin
680 3261 731 3306 pun.
763 3247 904 3292 Camerarius
919 3261 947 3292 ex
958 3245 1039 3292 Venet.

166 3305 331 3366 exemplaribus
342 3303 407 3352 affert
417 3310 486 3351 cetera
496 3320 564 3366 quum
578 3305 661 3359 doetus,
673 3306 740 3366 idque
758 3306 851 3367 probet:
877 3305 946 3365 idque
955 3304 1041 3352 interes

170 3373 321 3412 munerum.

198 3442 220 3476 Ν
234 3443 331 3502 dignum
347 3443 393 3506 sit]
425 3442 500 3504 Vulgo
512 3449 579 3491 eust.-
594 3443 653 3506 quod
664 3442 765 3490 latinitas
775 3455 819 3489 non
830 3443 923 3504 petitur,
933 3447 958 3493 ut
967 3441 1040 3493 steti

169 3515 263 3550 nume.
272 3503 306 3559 fit
316 3502 347 3549 tui
369 3503 390 3548 ἰιι
403 3503 438 3550 Μ.
451 3503 532 3548 Ursini.
545 3517 590 3550 nors
600 3503 661 3548 ππάο
671 3507 705 3549 est
715 3516 765 3564 pro,
776 3517 821 3549 uun
831 3503 912 3551 stum.

196 3577 218 3614 ⁸¹
233 3579 399 3666 tepuisse-»ai
408 3581 515 3644 serenum]
533 3581 564 3630 sie
576 3581 633 3632 Mos.
646 3581 714 3643 vulgo
723 3580 838 3641 umori.
