2558 4198
240 367 305 430 321)
367 425 371 431 ¹
474 359 519 412 DE
536 359 676 411 NATURA
691 361 842 414 nnondm

240 508 390 586 pulsentur
402 509 502 581 animi,
515 512 628 586 species
643 512 786 570 duntaxat
809 509 946 588 objicitur
952 512 1111 588 quaedam.

239 627 310 670 num
330 612 420 669 etiam
442 627 494 670 cur
518 629 554 670 ea
577 613 663 672 beata
690 608 752 670 ait?
772 629 824 670 cur
844 609 986 672 aeterna?
1025 613 1112 685 Quae

240 716 338 769 autem
364 710 438 769 iatae
461 711 603 787 imagines
624 716 750 778 vestrae,
772 716 823 770 aut
842 709 944 771 undet
963 729 981 768 a
1002 711 1112 770 Demo·

21 823 25 831 ¹
128 815 131 820 '
239 810 315 870 crito
328 810 449 869 omnino
468 811 542 868 haec
556 810 686 868 licentia.
729 810 790 868 Sed
809 814 840 868 et
853 810 907 868 iile
918 812 1109 884 reprehensus

240 910 370 968 amuitia
394 915 448 978 eat,
463 927 519 968 nec
539 925 597 968 voa
616 909 733 968 exitum
753 908 903 984 reperitis:
925 913 1044 985 totaque
1065 925 1114 970 rea

239 1010 374 1079 vacillat,
396 1014 426 1067 at
450 1008 608 1068 claudicat.
650 1009 733 1066 Nam.
750 1008 819 1084 quid
841 1012 895 1078 eat,
916 1011 993 1084 quod
1017 1010 1111 1068 minua

239 1109 355 1184 probari
381 1109 481 1182 poenit,
506 1125 593 1184 quam
616 1107 746 1166 omnium
773 1107 875 1165 inme
897 1106 1112 1166 incideraima·

239 1207 333 1283 giam,
348 1207 478 1276 Homeri,
502 1197 685 1276 Ambitouti,
705 1207 832 1277 Romuli,
856 1208 985 1278 Numae,
1002 1209 1113 1283 Pytha

241 1323 338 1383 gorne,
366 1306 507 1375 Platonis,
535 1325 591 1366 nec
610 1303 677 1364 ³⁶en
704 1307 804 1376 torma,
828 1324 884 1383 qua
904 1307 948 1366 itti
972 1304 1112 1365 inerunt?

242 1407 385 1482 quomodo
399 1423 468 1481 ergo
483 1404 554 1464 init
573 1411 605 1464 at
617 1424 735 1481 quorum
758 1403 923 1481 imagines?
961 1405 1113 1479 Orpheum

241 1504 360 1581 potitam
386 1507 474 1564 docet
502 1505 665 1564 Arieotciea
689 1523 845 1581 numquam
873 1505 971 1574 tuisse,
997 1509 1028 1562 et
1054 1507 1113 1564 hnc

243 1606 405 1680 Orphicum
417 1622 538 1664 carmen.
554 1605 733 1681 Pythagorei
753 1606 848 1662 terunt
862 1605 1010 1680 cujusdam
1023 1603 1113 1662 iuiaaa

243 1705 391 1780 Cerconis.
435 1707 477 1764 At
498 1705 640 1780 Orpheus,
661 1705 691 1764 id
716 1711 770 1772 est,
793 1705 890 1779 imago
910 1705 981 1779 ejus,
1002 1708 1034 1761 ut
1058 1721 1111 1761 voa
1136 1717 1140 1725 ·

242 1805 343 1871 multia,
355 1805 386 1861 in
406 1805 533 1862 animum
550 1821 644 1862 meum
659 1820 747 1878 saepe
761 1803 891 1862 incurrit.
934 1804 1022 1876 Quid,
1035 1804 1113 1879 quod

242 1901 381 1974 ejusdem,
392 1903 517 1966 hominia
531 1902 562 1963 in
577 1921 672 1962 meum
684 1903 769 1972 ntiae,
783 1904 859 1964 aliae
869 1903 904 1961 'tn
919 1901 1021 1961 tunm?
1034 1903 1125 1977 quid,

242 2003 328 2077 quod'
342 2020 443 2059 earum
467 2019 656 2077 rerumquae
678 2021 832 2078 numquam
856 2003 977 2061 omnino
989 2002 1114 2070 inerunt,

242 2091 337 2176 neque
358 2118 421 2158 eaeo
450 2105 612 2173 potuerunt,
633 2105 664 2158 ut
692 2103 823 2176 Scyllae,
853 2106 895 2164 ut„
912 2098 1115 2161 Chimaerae-*t

243 2199 582 2275 quidquodhominum,
609 2201 749 2269 locorum,
770 2201 882 2259 urbium
908 2219 1016 2269 aarum,
1043 2217 1129 2275 quaa.

243 2317 398 2373 numquam
414 2297 562 2358 vidimus?
582 2299 661 2374 quid,
682 2302 769 2375 quod‚'
782 2303 904 2359 aimutac
918 2301 990 2358 mihi
1003 2290 1127 2358 cortici--

180 2392 183 2399 ¹
244 2403 305 2455 tum
319 2405 371 2466 cat,
382 2405 497 2472 praesto
508 2406 551 2457 eat
566 2397 684 2475 imago?
704 2400 783 2474 qnid,
796 2401 873 2474 quod
891 2401 983 2458 etiam
1001 2400 1037 2456 ad
1051 2401 1115 2457 don·

191 2497 392 2558 santonum
407 2500 528 2558 veniunt
550 2497 731 2558 invocatae?
772 2500 856 2557 'Pota
872 2517 930 2567 res,
941 2497 1051 2566 Vettei,
1064 2515 1128 2554 rau-2

243 2598 421 2674 gatoriaeat.
434 2617 490 2656 voc
501 2603 603 2656 antem·
617 2616 675 2655 non
685 2598 883 2656 -modoooutis
898 2597 1049 2672 imagines,
1063 2597 1130 2654 aed-r

229 2699 332 2758 uatium
347 2697 626 2755 animieincuicatia.
641 2703 723 2754 tanta
737 2704 780 2754 cst
792 2695 1117 2771 impunitas-garriendi.

244 2799 288 2856 At
306 2795 558 2872 quamticenter?
598 2796 768 2858 Fluentium
793 2797 957 2870 frequenter
982 2795 1118 2854 transitio

243 2898 276 2955 tit
291 2896 445 2965 visionum,
459 2905 490 2955 ut
512 2915 528 2954 e
546 2897 643 2954 moitis
664 2914 721 2954 una
737 2897 880 2954 videatur.
922 2897 1047 2954 Puderet
1069 2911 1133 2953 ma·

243 2996 342 3054 dicere
357 3015 416 3054 non
437 2995 610 3070 intelligere,
624 2995 649 3051 ai
679 3013 741 3051 voa¹
756 2994 812 3068 ipsi
837 2995 1051 3069 intelligeretis,
1066 2993 1118 3070 qui

243 3095 299 3156 iata
311 3094 489 3155 defenditis„
517 3097 584 3166 Quo
598 3097 683 3156 modo
697 3095 778 3156 errim
806 3097 924 3168 probas,
932 3093 1120 3152 continenter

242 3195 387 3268 imagines
406 3191 497 3253 terri?
517 3199 575 3261 aut,
600 3193 625 3250 ai
639 3177 835 3261 continenter,
850 3211 906 3268 quo
920 3195 1007 3250 modo
1029 3197 1121 3249 acter-

244 3291 327 3358 nae?
348 3293 612 3360 Innumerabilitas,
627 3293 732 3369 inquid,
755 3293 921 3366 suppeditat
949 3297 1139 3350 atomorum„

245 3393 325 3456 Num
337 3394 439 3452 eadem
455 3411 523 3467 ergo
536 3391 593 3451 iata
609 3393 731 3461 sacient,
745 3399 776 3450 ut
785 3393 844 3450 aiut
859 3392 958 3450 omnia
972 3391 1136 3464 sempiter-

244 3565 340 3684 Ψζοξθ
354 3566 454 3629 sm]
480 3568 602 3618 Lambinus
615 3573 645 3617 -et
666 3568 771 3618 Davisius
790 3567 903 3628 corrigunt
921 3580 945 3614 aa
957 3565 1044 3625 farma.
1056 3565 1134 3624 hene,-
