2552 4208
215 289 276 350 m
454 279 587 330 TUSCUL
604 279 849 334 Qutusutortun

211 432 291 490 mato
304 447 336 488 se
350 428 471 506 dignum
491 431 622 504 deputet,
641 429 700 492 nisi
714 429 802 492 miser
821 429 883 493 siti
912 432 996 492 vides
1015 452 1086 510 ergo

213 529 361 604 opinionis
375 547 448 598 esse,
473 547 531 588 non
558 534 679 588 naturae
703 533 822 590 motum.
847 531 926 608 quid,
947 534 1024 608 quod
1038 551 1085 594 ren

212 627 276 702 ipso
286 631 384 704 lugere
406 623 611 704 prohibeti‘ut
624 630 701 704 opud
716 616 875 688 Homerum
896 632 1085 706 quotidiano·

212 744 311 796 neces,
333 727 522 804 interitusque
545 731 709 797 multorum,
733 730 915 790 sedationem
933 730 1084 792 moerendi

212 827 352 886 atterunt:
371 825 392 859 ¹⁰
401 829 477 904 apud
491 845 578 903 quem
591 829 632 888 itu
646 829 763 890 dieitur.

293 983 404 1046 Namque
413 982 479 1030 nimis
488 983 577 1041 multoe,
587 984 607 1018 ¹¹
612 989 680 1046 atque
687 985 748 1032 orani
758 985 808 1032 tuoe
817 984 924 1036 ndentes

298 1063 432 1122 Cernimus5
447 1072 473 1110 ut
483 1077 548 1109 nemo
557 1064 627 1124 poedt
638 1079 742 1110 moerore
757 1079 846 1111 vnenre.

299 1143 352 1193 Quo
361 1142 428 1202 megin
439 1150 473 1188 est
483 1157 577 1204 aequum
589 1143 680 1189 tumulis
691 1143 796 1189 mundare
806 1145 919 1204 peremtou

300 1220 379 1268 Firmo
388 1221 470 1277 animo,
480 1227 504 1268 nt
515 1223 598 1270 luctum
609 1222 715 1281 iacrymis
724 1222 788 1269 finire
797 1222 888 1270 diurnis.

211 1362 290 1437 Ergo
313 1358 344 1418 in
365 1366 509 1435 potestate
531 1367 577 1422 est
599 1363 725 1437 objicere
748 1364 888 1431 dotorem,
908 1379 976 1421 oum
997 1363 1084 1438 vetis,

154 1451 164 1464 ⁰
210 1461 335 1534 tempori
347 1463 534 1520 servientem.
577 1464 627 1522 An
642 1469 687 1521 est
700 1464 790 1520 ultum
805 1469 917 1538 ternpus
932 1459 1084 1541 (quonium

210 1561 327 1636 quidem
341 1579 386 1620 res
400 1562 431 1620 iu
445 1568 544 1620 nostra
557 1568 700 1636 potestate
721 1561 780 1642 est)
793 1563 842 1623 oui
856 1581 915 1623 non
930 1563 1084 1635 ponendae

208 1657 231 1694 ²²
240 1679 326 1718 ourue
340 1667 371 1719 et
385 1661 574 1736 aegritudinis
595 1679 684 1720 eausa
698 1659 883 1720 serviamus?
912 1663 1084 1731 Constabat,

210 1777 271 1827 eos,
281 1762 329 1836 qui
339 1761 547 1818 concidentem
557 1760 726 1817 vulneribus
739 1761 796 1816 Cn.
811 1758 982 1832 Pompejum
994 1759 1083 1818 vidit·

211 1865 287 1925 sent,
301 1865 367 1916 oum
382 1858 434 1916 itto
446 1858 511 1930 ipso
525 1857 724 1923 acerbissimo,
738 1855 955 1932 miserrimoque
969 1864 1082 1933 speetu·

212 1959 281 2018 outo
294 1957 351 2017 sibi
365 1956 510 2025 timerent.
529 1957 606 2031 quod
626 1975 657 2014 se
678 1959 771 2014 etaese
785 1958 913 2016 hostium
931 1959 1083 2018 circumtu-

163 2095 168 2105 ·
209 2075 258 2116 sos
280 2056 424 2124 viderent,
448 2055 521 2115 nihit
538 2062 598 2114 tum
618 2057 698 2114 atiud
717 2057 821 2134 egisse,
840 2058 898 2116 nisi
912 2063 943 2116 ut
956 2059 1085 2134 remiges

108 2143 110 2146 ’
210 2156 401 2223 hortarentur,
417 2160 447 2212 et
460 2160 492 2212 ut
504 2157 627 2212 satutem
642 2156 872 2229 adipiscerentur
884 2157 971 2231 tuga:
986 2155 1007 2190 ¹³
1018 2175 1082 2231 pon

210 2259 346 2329 tesquum
371 2255 486 2329 Tyrum
511 2254 674 2324 venisseut,
698 2261 758 2313 tum
779 2256 922 2324 afflictari,
943 2259 1083 2314 tamenta·

209 2353 291 2428 rique
305 2352 447 2428 coepisse.
461 2353 546 2410 timor
556 2354 648 2428 igitur
661 2356 698 2412 ab
712 2354 750 2412 iis
762 2354 1083 2442 aegritudinempotuit

159 2445 201 2506 2ss
212 2447 362 2526 repellere,
375 2453 449 2510 ratio
463 2470 498 2511 no
519 2453 667 2528 sapientia
687 2471 756 2512 vern
770 2473 830 2513 non
846 2456 951 2529 poterit
960 2453 972 2513 t
982 2441 989 2456 ’
1001 2454 1080 2528 Quid

209 2557 256 2610 est
276 2557 382 2620 autem,
396 2553 472 2628 quod
495 2555 558 2636 ptus
579 2556 680 2612 valeat
694 2555 730 2611 ad
756 2555 923 2628 ponendum
942 2555 1082 2623 dotorem,

208 2670 294 2726 quam
306 2669 372 2710 eum
383 2656 428 2710 est
441 2652 634 2721 intellectum,
647 2653 720 2711 nihil
732 2653 843 2726 profici,
857 2659 886 2710 et
900 2653 1001 2710 trustra
1016 2671 1081 2714 esso

207 2744 396 2822 susceptum?
416 2747 441 2805 si
456 2746 543 2821 igitur
556 2747 663 2823 deponi
678 2753 783 2822 potest,
797 2748 887 2805 etiam
901 2765 960 2806 non
971 2749 1080 2822 suscipi

207 2853 314 2926 potest.
335 2849 487 2907 votuntute
500 2847 597 2923 igitur,
610 2853 641 2906 et
661 2847 777 2922 judioio
796 2847 907 2921 susoipi
927 2847 1082 2923 aegritudi-

236 3005 258 3039 ¹⁰
270 3003 333 3064 opud
340 3018 405 3064 quem
413 3001 445 3048 ito
455 3002 489 3064 d]
507 3002 533 3051 lt.
545 3023 569 3056 ιι.
585 3005 640 3050 226.

237 3091 258 3124 ¹¹
272 3096 343 3150 αιιμιι,
353 3088 414 3135 omni
423 3088 480 3141 duee,
496 3087 595 3132 cadentes
610 3083 741 3144 ennium]
762 3097 804 3144 pro
814 3084 914 3133 rudentes
926 3086 983 3134 Men.
993 3089 1018 3134 et
1027 3087 1079 3133 edd.

186 3154 267 3196 ¹·uett.
278 3151 325 3195 tere
335 3151 439 3201 curetum,
456 3145 583 3191 referebant
598 3159 626 3189 se.
644 3143 673 3188 ad
683 3143 739 3188 tneo.
758 3144 824 3189 mate.
837 3145 895 3204 opud
914 3145 1037 3192 Homerum
1047 3149 1083 3192 est

209 3228 336 3266 movens,
351 3207 410 3254 unde
419 3204 515 3250 correxit
530 3203 613 3265 primus
623 3200 747 3250 Manutius.
765 3217 816 3250 mox
826 3218 869 3264 pro
884 3219 962 3254 ouenre
977 3205 1025 3254 Mn.
1037 3205 1082 3254 un.

211 3289 343 3400 “izit-m
352 3356 373 3398 et
381 3347 542 3409 aegritudinis]
558 3345 634 3392 addidi
645 3350 724 3394 etcum
735 3344 828 3392 Davisio
837 3359 852 3391 e
861 3345 920 3393 Mn.

240 3431 262 3464 ¹³
275 3436 411 3490 posteaquem
421 3429 510 3486 Tyrum
525 3425 651 3488 vennone]
682 3425 841 3483 Wesselingius
855 3425 910 3472 tibi.
928 3424 946 3470 1.
964 3423 997 3480 13,
1013 3427 1082 3484 putot

211 3491 313 3548 oppmm
325 3491 450 3548 tegendum,
466 3487 524 3548 quod
542 3485 563 3533 iu
583 3485 642 3532 Livii
661 3485 721 3546 epit.
742 3488 788 3531 112.
820 3483 928 3534 Cornelia
942 3497 997 3534 uxot
1011 3489 1035 3533 et
1053 3485 1080 3540 ῆι

209 3548 327 3614 Pompeius
337 3549 454 3596 traduntur
466 3561 492 3594 ex
503 3549 608 3614 Aegypto
617 3545 716 3611 cypron
726 3542 838 3606 refugisse.
