2548 4208
466 327 741 384 nsanouaarna
977 331 1040 397 188

436 473 489 524 neu
504 490 540 522 ma
554 473 673 526 noenu!

169 617 231 677 tum
245 631 365 696 severus
379 611 488 690 pater,'

299 770 432 820 Dummodo
440 771 516 819 dolsst
527 770 622 836 aliquid,
636 771 658 805 Μ
668 772 745 822 doleat
753 771 811 834 quod
820 727 890 820 lubet.

217 911 356 987 Reliquas
381 930 492 989 quoqne
516 917 612 988 partes
637 913 837 988 aegritudinis,
864 911 950 969 utiles
974 929 1039 970 esso

169 1007 281 1078 dicunt,
302 1011 528 1070 misericordiam
543 1015 580 1070 ad
594 1031 680 1085 opem
691 1014 859 1085 'ferendam
879 1017 908 1069 et
922 1010 1040 1068 calami·

169 1113 246 1168 tates
267 1099 415 1168 hominum
430 1111 614 1186 indignorum
629 1113 840 1170 sublevandas:
860 1111 953 1184 ipsum
967 1109 1041 1168 illud

169 1209 319 1276 aemulari,
334 1211 505 1276 obtrectare,
518 1229 575 1268 non
590 1229 654 1268 csse
664 1211 777 1280 inutile,
790 1227 858 1268 cum
871 1215 920 1267 aul
933 1227 965 1266 se
980 1225 1039 1270 non

168 1307 247 1366 idem
263 1309 361 1365 videat
373 1313 571 1376 consecutam,
582 1311 658 1384 quod
673 1308 770 1377 alium,
784 1317 833 1367 aut
848 1310 937 1366 alium
951 1309 1039 1376 idem.

170 1409 246 1482 qnod
275 1427 325 1464 se:
361 1413 468 1463 metum
492 1426 562 1464 vero
591 1410 616 1465 si
641 1409 703 1484 quis
731 1411 902 1476 sustulisset,
922 1425 1039 1466 omnem

171 1507 254 1563 vitae
278 1505 462 1578 diligentiam
486 1509 627 1564 sublatam
649 1508 718 1573 iore,
732 1525 805 1582 quae
825 1523 935 1564 summa
963 1510 1042 1562 esset

169 1603 202 1661 ln
228 1604 282 1670 eis,
303 1604 353 1678 qni
374 1605 462 1676 leges,
489 1605 537 1678 qni
557 1606 747 1676 magistratus,
761 1606 810 1681 qui
833 1610 1042 1678 paupertatem,

170 1703 220 1780 qui
253 1701 452 1778 ignominiam,
486 1704 535 1778 qui
560 1711 690 1769 mortem,
722 1703 772 1777 qui
795 1705 923 1760 dolorem
957 1703 1039 1758 time·
1107 1735 1111 1744 ·

169 1810 245 1862 rent.
273 1804 346 1859 haec
374 1808 471 1858 tamen
499 1801 540 1859 ila
567 1803 725 1874 disputant,
745 1808 777 1861 ut
798 1803 956 1859 resecanda
977 1817 1041 1857 esse

169 1903 324 1970 fateantur,
345 1903 437 1960 evelli
451 1902 565 1974 penitus
586 1901 686 1960 dicant
708 1919 762 1960 nec
785 1920 878 1976 posse,
899 1917 955 1958 nec
969 1918 1041 1973 aprus

168 2019 248 2060 esse:
270 2007 302 2059 nt
328 2001 360 2060 in
387 2001 519 2058 omnibus
534 2002 594 2058 lere
613 2005 698 2059 rebus
723 2002 1040 2078 mediocritatemflesse

168 2103 308 2175 optimam
341 2101 521 2159 existiment.
551 2119 624 2176 qnae
652 2118 718 2160 cum
743 2107 905 2176 exponunt,
929 2101 1042 2159 nihilne

169 2201 224 2258 tibi
245 2201 389 2268 videnlur,
403 2219 440 2258 an
462 2201 571 2276 aliquid
586 2199 712 2259 dicere?
754 2203 790 2260 Α.
814 2201 891 2259 Mihi
915 2217 987 2258 vero
1000 2199 1042 2257 di·

169 2317 237 2357 cere
247 2299 374 2373 aliquid;
395 2299 492 2373 itaque
506 2306 656 2369 exspecto,
671 2301 739 2375 qnid
754 2302 790 2358 ad
805 2301 870 2359 ista.
897 2277 910 2294 ’

211 2397 254 2454 Μ.
275 2397 431 2467 Reperiam
455 2398 595 2454 fortasse:
631 2400 683 2454 sed
707 2399 778 2455 illud
807 2406 885 2458 ante.
909 2398 1091 2468 videsnmssl

171 2495 279 2568 quanta
293 2493 377 2550 luerit
388 2495 465 2567 apud
486 2495 682 2552 Academicos
697 2495 898 2554 verecundia?
917 2495 938 2530 '¹
952 2501 1041 2571 plano

170 2591 251 2650 enim
266 2591 377 2658 dicunt,
397 2593 472 2667 quod
495 2594 615 2650 adrem
639 2594 791 2668 pertineat.
835 2594 1041 2667 Peripateticis

170 2693 361 2764 respondetur
374 2709 392 2748 u
407 2691 526 2750 Stoicis.
546 2693 742 2766 digladientur
752 2694 806 2760 illi,
820 2713 872 2766 per
891 2711 937 2750 me
952 2695 1041 2765 licel3

169 2792 219 2850 cui
245 2791 317 2848 nilril
332 2795 376 2848 esi
399 2807 529 2858 necesse,
545 2791 600 2848 nisi
615 2791 664 2848 ubi
689 2792 727 2850 sit
751 2791 832 2859 illud,
846 2793 922 2867 quod
937 2792 1039 2849 verisi-

170 2891 323 2949 millimum
347 2872 487 2956 videatur,
502 2890 663 2964 anquirere.
689 2890 757 2965 quid
781 2897 825 2946 est
850 2891 945 2965 igilur,
967 2893 1044 2966 quod

170 2997 304 3048 occurrat
329 2989 359 3046 in
375 2989 430 3046 hac
445 2989 623 3064 quaestione,
643 2987 731 3064 “quo
751 2989 841 3062 possit
862 2988 967 3065 attingi
991 2992 1044 3048 nli·

170 3088 239 3164 quid
256 3087 425 3156 verisimile,
445 3106 501 3163 quo
521 3089 634 3164 longius
655 3106 736 3146 mens
757 3089 883 3147 humana
910 3089 1044 3165 progredi

168 3205 228 3248 non
244 3183 362 3262 potest?
405 3185 547 3246 Definitio
559 3187 802 3264 perturbationis:
824 3197 971 3265 qnarecte
987 3191 1043 3248 Ze·

199 3343 309 3414 ”dolent
318 3343 384 3448 ἔσω
403 3343 472 3405 ludet]
498 3344 549 3392 edd.
562 3349 617 3392 vett.
628 3343 684 3406 pald
701 3343 762 3394 lata
775 3344 791 3392 i.
804 3358 824 3392 o.
836 3343 892 3405 qnid
901 3343 961 3392 libet.
972 3343 1004 3392 sic
1019 3349 1044 3393 st

171 3401 278 3450 Davisius
287 3403 324 3449 eds
340 3409 367 3450 rt.

173 3515 177 3524 .
200 3481 368 3552 “pirmenius
376 3481 529 3554 dicamne]
545 3497 576 3554 pe.
596 3482 654 3531 nillil
673 3483 893 3546 summamque
909 3485 1044 3545 nepetam

172 3540 295 3588 adversam
307 3547 397 3603 possset.
409 3556 472 3590 secus
482 3543 557 3589 dtnrcr.

202 3616 224 3651 ⁰⁸
239 3621 311 3681 epau]
327 3620 462 3681 immoque:
480 3621 753 3683 retortureuimadprtd,
764 3621 863 3687 itemque
875 3637 887 3674 s
900 3624 982 3676 doleri.
