2548 4208
480 299 579 352 urhun
597 301 751 355 chrunus.
990 309 1054 370 219

179 454 261 529 psrte
271 454 423 528 plerasque
437 468 483 509 res
498 449 654 518 nominari,
670 447 871 528 etiamsinon
892 467 959 526 pars
974 454 1057 510 shes·

180 560 236 622 set,
250 560 280 612 ut
297 553 383 620 vires,
398 557 429 609 ut
443 551 647 619 valitudinem,
660 556 692 608 ut
713 551 843 620 divitias,
858 555 889 611 ut
904 551 1057 622 honorem,

181 658 215 710 ut
227 651 368 726 gloriam:
389 668 462 726 quse
483 668 601 726 genero,
627 669 686 710 non
708 667 828 708 nurnero
846 656 1057 708 cernerenturz

180 749 253 809 item
269 753 384 807 beatam
406 749 508 818 vitem,
529 747 658 808 etiamsi
673 748 918 824 exaliquopsrte
940 750 1058 808 claude·

180 856 234 918 ret,
262 854 359 906 tamen
373 865 412 908 err
437 851 529 908 multo
549 850 657 926 majore
683 854 764 923 porte
792 849 925 906 obtinere
950 865 1058 906 nomen

182 965 274 1006 suum.
315 947 399 1008 Haec
414 965 491 1007 nunc
511 951 669 1007 enucleare
689 965 749 1008 non
773 947 816 1004 ita
844 963 966 1004 necesse
989 951 1056 1004 ost:

182 1064 354 1122 quamquem
375 1065 434 1106 non
465 1047 703 1122 constantissime
727 1045 788 1104 dici
814 1045 887 1103 mihi
912 1044 1055 1102 videntur.

181 1145 211 1204 N
214 1148 262 1202 sm
273 1150 302 1202 et
313 1146 363 1221 qui
377 1148 478 1204 heatus
489 1154 543 1216 est,
557 1165 617 1205 non
632 1145 777 1221 intelligo,
792 1144 861 1220 quid
876 1145 1011 1219 requirat,
1025 1149 1058 1202 ut

180 1241 218 1301 sit
234 1245 360 1302 heatior:
382 1240 420 1321 (si
431 1250 475 1301 est
490 1247 569 1302 enim
584 1248 659 1320 quod
673 1245 761 1313 desit,
775 1262 812 1302 ne
826 1229 926 1300 heatus
940 1243 1057 1318 quidem

180 1343 239 1420 est)
258 1349 298 1411 et,
312 1344 387 1419 quod
402 1360 441 1400 ex
458 1344 567 1416 mejorc
579 1351 660 1417 parte
675 1359 905 1428 unumquemque
925 1357 986 1400 rem
1007 1361 1057 1416 ep

180 1443 283 1516 pedari
294 1443 477 1516 spectarique
491 1441 603 1509 dicunt,
612 1447 666 1509 est,
680 1443 729 1499 uhi
742 1443 771 1500 id
782 1443 839 1500 isto
850 1444 938 1498 modo
947 1444 1055 1499 voleat.
1100 1449 1106 1458 ”

180 1557 247 1598 cum
263 1557 334 1598 vero
348 1539 402 1597 trin
422 1544 530 1614 generis
551 1543 691 1597 maiorum
705 1557 770 1597 esse
784 1541 903 1597 dicunt:
925 1541 973 1613 qui
987 1541 1056 1596 duo·

181 1655 245 1696 rum
259 1655 398 1714 generum
422 1639 508 1695 matis
530 1638 664 1695 omnihus
685 1643 827 1712 urgeatur,
849 1642 881 1695 nt
894 1637 992 1694 omnio
1007 1639 1056 1696 od·

180 1753 267 1794 versa
281 1738 340 1795 sint
361 1737 392 1794 in
416 1737 540 1803 t'ortuno,
562 1737 695 1794 omnihus
711 1754 879 1810 oppressum
900 1753 1004 1810 corpus
1025 1741 1056 1794 et

180 1835 347 1894 contectum
367 1837 524 1904 coloritus,
539 1836 607 1893 huic
632 1817 798 1910 paullumne
820 1837 857 1892 nd
882 1837 996 1894 beatem
1012 1835 1055 1894 vi·

179 1937 241 1992 tarn
253 1935 355 1992 deesse
370 1935 510 2004 dicemus,
525 1953 583 1993 noo
595 1937 682 1992 modo
695 1936 731 1992 od
747 1932 965 1993 beatissimum?
985 1935 1052 1994 Hoc

178 2033 250 2092 iliud
273 2039 326 2100 est,
349 2037 424 2109 quod
451 2035 672 2108 Theophrastus
693 2033 837 2091 sustinere
864 2050 923 2090 non
948 2035 1050 2108 potuit.

179 2133 258 2208 Nom
285 2151 352 2191 curn
377 2135 533 2202 statuisset,
559 2137 689 2203 verbero,
714 2138 867 2212 tormento,
895 2133 1055 2202 cruciatus,r

177 2233 288 2304 patriae
300 2233 477 2320 eversiones,
491 2234 606 2301 exsilis,
619 2235 759 2292 orbitates
775 2251 910 2309 magnam
926 2233 986 2291 rim
1001 2235 1050 2290 hs·

177 2331 246 2387 here
277 2332 312 2386 od
343 2335 419 2388 muto
441 2333 601 2406 misereque
617 2333 788 2399 vivendum,
808 2351 867 2391 nou
891 2341 937 2391 ert
962 2350 1049 2390 susus
1124 2400 1126 2404 ¹

177 2430 255 2485 etate
274 2434 305 2484 et
319 2432 415 2500 ample
431 2430 517 2502 toqui,
530 2447 598 2486 curn
619 2431 766 2488 humiliter
774 2433 959 2506 ,demisseque
984 2449 1050 2491 sen·

160 2520 255 2583 diret.
296 2527 392 2598 Quam
418 2527 501 2592 hene,
527 2543 584 2583 non
612 2529 776 2601 quaeritur:
797 2533 966 2586 constanter
988 2531 1081 2604 qui-9

175 2627 243 2683 dem
267 2629 355 2680 certe.
398 2623 500 2697 ltaque
514 2623 585 2682 mihi
609 2628 725 2699 placere
755 2643 814 2682 non
835 2627 919 2693 solet,
946 2623 1049 2686 conse·

176 2723 296 2800 quentis
315 2723 538 2796 reprehendere,
551 2739 618 2780 curn
641 2724 731 2796 prima
751 2724 942 2781 concesseris.
989 2726 1049 2784 Hic

176 2828 284 2890 eutem,
318 2806 552 2896 elegantissimus
585 2822 714 2879 omniurn
748 2823 984 2895 philosophorum
1018 2827 1050 2882 et

176 2921 395 2988 eruditissimus,
423 2937 481 2978 non
516 2935 692 2993 magnopere
719 2921 947 2994 reprehenditur,
981 2939 1049 2984 cum

127 3095 133 3102 ι
175 3020 232 3078 tris
245 3036 353 3093 genero
365 3019 438 3076 dicit
452 3021 608 3076 honorum:
630 3025 754 3076 venatur
778 3025 876 3078 eutem
899 3024 936 3078 ah
957 3023 1050 3079 omni·

175 3121 238 3186 bus,
249 3118 372 3192 primum
385 3117 417 3175 in
441 3136 477 3175 eo
499 3118 581 3188 libro,
595 3135 679 3194 quem
693 3119 810 3192 scripsit
823 3119 860 3176 de
877 3118 938 3178 vito
952 3122 1049 3191 hesta,

175 3217 207 3276 in
229 3233 288 3294 quo
302 3220 392 3276 mults
410 3215 550 3292 disputat,
565 3219 748 3294 quamohrem
762 3217 796 3284 is,
810 3216 859 3292 qui
868 3203 1048 3293 torqueatur,

176 3316 226 3392 qui
239 3316 393 3384 crucietur,
409 3318 510 3376 beatus
525 3336 588 3375 esse
603 3335 659 3374 nou
672 3317 771 3390 possit.
787 3317 818 3374 in
833 3334 869 3374 eo
883 3317 974 3376 etiam
998 3337 1047 3394 pu·

176 3419 253 3490 tptur
266 3416 374 3481 dicere,
387 3414 419 3473 in
441 3421 543 3484 rotem,
568 3419 681 3474 hestsm
697 3416 789 3474 vitem
804 3433 864 3474 non
877 3419 1046 3476 escendere.

177 3513 248 3574 Nou
259 3531 379 3594 usquam
392 3513 424 3574 id
438 3515 554 3606 quidem
564 3515 636 3574 dicit
649 3515 786 3574 omnino:
800 3515 862 3588 sed,
876 3527 949 3594 quse
963 3517 1048 3590 dicit,
