2558 4198
461 325 754 380 arsansccunuus.
985 333 1047 396 331

210 478 361 536 tutisduobus
373 477 416 535 his,
436 475 498 526 Deos
515 475 613 534 esse,'et
628 473 700 536 qualis
715 487 791 522 eorum
807 477 887 522 sstnrs
902 474 939 532 sit,
950 475 1050 538 sequitur

203 560 331 624 disputatio
340 559 369 606 de
380 553 522 618 providentia
533 555 640 604 Deorum.
669 555 781 602 lintribus
792 556 926 616 argumentis
935 557 1049 616 asseritur,

209 642 238 688 de
254 641 379 688 Stoicorum
390 651 459 684 more.
491 636 590 682 Primum
608 635 637 680 ab
647 649 675 682 eo
693 635 748 697 ipso,
759 637 817 698 qnod
829 636 867 686 Dii
878 645 937 694 sunt,
947 637 1048 696 ducitnr;

208 734 228 766 c.
248 722 285 768 ³0.
302 721 338 766 ³1.
359 732 377 765 s.
388 715 483 763 alterum
495 715 554 773 inde,
565 715 623 777 qnod
634 729 718 771 omnes,
729 730 764 762 res
773 715 887 774 subjectae
896 730 946 764 sunt
956 723 1050 765 naturae

184 797 186 804 '
207 797 320 853 sentienti,
330 797 360 844 ah
378 810 451 859 eaque
468 796 542 842 omnia
561 795 709 856 pulcherrime
727 802 848 856 geruntur3
872 812 891 844 e
909 801 946 844 32.
958 797 1050 846 tertium

209 876 478 926 autemeradmiratione
494 891 567 922 rerum
585 877 715 925 coelestium
725 883 748 922 et
768 877 907 924 terrestrium
925 876 1051 934 arcessitur,

207 956 246 1018 qui
265 956 325 1002 locus
349 957 439 1018 copiose
463 956 671 1016 admirabiliterque
700 955 831 1018 explicatur.
879 956 974 1004 Tertiae
1000 955 1051 1004 huic

209 1035 363 1096 disputationis
377 1037 437 1095 parti
448 1035 564 1092 subjicitur
573 1035 664 1082 tasidem
675 1049 710 1091 ea,
730 1050 788 1096 quae
804 1035 870 1081 istam
880 1041 967 1082 tantam
978 1051 1051 1084 rerum

209 1115 348 1162 molitionem
365 1116 459 1163 hominia
478 1131 544 1162 causa
560 1116 645 1160 iactam
660 1128 716 1171 esse,
736 1115 882 1171 demonstrat,
894 1115 1052 1178 hominumque
1152 1115 1157 1124 '

210 1196 331 1242 commodis
342 1196 433 1242 mirifice
444 1210 491 1242 esse
504 1211 517 1241 a
535 1181 587 1242 Deo
606 1194 733 1256 provisum:
759 1195 819 1255 quod
837 1194 926 1257 quidem
945 1201 1052 1258 quattuor

210 1274 347 1335 argumentis
364 1277 399 1332 nn
425 1289 517 1336 quorum
537 1275 632 1336 primum
653 1274 744 1320 ductum
762 1281 796 1322 est
813 1290 827 1320 a
846 1277 945 1338 corporis
961 1277 1051 1325 humani

211 1361 342 1414 structum
362 1355 458 1400 alterum
474 1369 487 1399 a
496 1352 668 1414 perfectionibus
684 1353 767 1413 animi3
794 1355 885 1402 tertium
900 1356 929 1402 ab
944 1356 1053 1416 utilitate,

178 1427 182 1432 ¹
209 1450 276 1497 quam
291 1426 385 1483 cescum
401 1433 509 1479 coelestes
518 1439 566 1478 tiam
580 1437 697 1478 terrestres
711 1434 835 1481 hominibus
845 1437 964 1494 adierunt;
987 1451 1053 1498 quar·

211 1519 258 1562 tum
268 1514 364 1576 deniqne
381 1513 412 1560 ab
429 1511 537 1573 exemplis
551 1511 666 1558 hominum
680 1511 807 1573 illustrium,
824 1513 903 1574 quibus
923 1516 961 1563 Dii
975 1531 1053 1565 consu·

210 1594 308 1641 luerunt.
1007 1601 1014 1612 ⁸

183 1733 285 1824 Quas
305 1773 372 1814 cum
391 1756 480 1815 Cotta
499 1757 632 1827 dixisset,
654 1762 715 1816 tum
735 1758 880 1834 Velleius,
901 1761 967 1818 Nae
988 1760 1078 1838 ego,l

182 1856 286 1932 inquit,
299 1857 444 1926 incautus,
458 1858 506 1932 qui
527 1875 593 1916 cum
610 1860 802 1928 Academico,
817 1864 847 1918 et
872 1862 976 1920 mem
990 1862 1053 1920 rhe-

137 2007 140 2016 .
182 1962 253 2026 tore,
266 1958 407 2032 congredi
420 1963 542 2015 conatus
563 1975 636 2015 sum.
679 1959 705 2016 N
710 1977 757 2017 am
772 1977 866 2036 neque
873 1961 1053 2022 -tnciscnun

182 2058 396 2116 Academicum
410 2059 633 2134 pertimuissem,
645 2075 701 2117 nec
715 2059 779 2118 siue
793 2060 854 2118 ista
869 2061 1054 2136 philosophia

181 2158 335 2226 rhetorem,
348 2157 481 2233 quamvis
502 2160 697 2234 eloquentem.
722 2161 911 2234 nequeenim
934 2161 1054 2220 humine
1129 2176 1137 2192 ·

97 2299 101 2301 -
180 2258 336 2314 conturbor
359 2256 490 2313 inanium
506 2259 667 2324 verborum,
682 2275 739 2316 uec
761 2259 924 2318 subtilitate
937 2267 1055 2321 senten·

181 2354 296 2420 tiaram,
319 2353 497 2410 siccationis
519 2358 564 2409 est
584 2353 714 2410 siccitas.
756 2357 807 2413 'l'u
831 2366 939 2425 autem,
954 2361 1053 2430 Cotta,

181 2455 301 2524 utraque
316 2467 346 2505 re
361 2449 489 2504 valuisti.
511 2447 519 2478 ¹
531 2466 640 2506 corone
655 2451 709 2506 tibi
722 2456 753 2508 et
760 2453 878 2524 judices
891 2457 1055 2518 defuerunt.

185 2548 246 2607 Sed
260 2548 297 2604 ad
316 2547 371 2603 iata
385 2545 467 2614 aliae,
482 2563 559 2605 nunc
581 2546 737 2617 Lucilium,
757 2550 783 2607 si
802 2551 858 2626 ipsi
871 2531 1055 2620 commodum

184 2652 229 2704 est
247 2646 409 2706 'audiamus
451 2645 530 2702 Tum
546 2647 664 2716 Balbus,
680 2649 815 2708 Eundem
837 2653 970 2727 equidem
986 2659 1055 2714 mal·

183 2749 242 2805 lem
256 2747 356 2804 audire
371 2745 499 2815 Cottam,
519 2748 596 2814 dum,
617 2765 673 2822 qua
688 2750 855 2822 eloquentia
876 2752 962 2810 falsos
983 2756 1055 2814 deos

181 2846 306 2915 sustulit,
320 2846 424 2904 eadem
439 2865 522 2925 veros
537 2846 666 2904 inducat.
681 2853 726 2904 est
740 2847 820 2905 enim
834 2857 865 2907 et
880 2850 1055 2927 philosophi,

182 2950 213 3004 et
227 2945 381 3020 pontificis,
396 2950 426 3003 et
448 2945 566 3014 Cottae,
586 2947 693 3005 desitis
708 2947 919 3008 immortalibus
945 2952 1055 3014 habere

124 3037 127 3044 '
183 3063 244 3104 non
265 3048 409 3102 errantem
422 3051 451 3103 et
467 3063 581 3121 vagam,
596 3050 627 3103 ut
643 3046 828 3116 Academici,
841 3050 902 3117 sed,
925 3047 979 3108 'ut
991 3069 1055 3110 nos·

185 3143 231 3214 tri,
266 3143 402 3202 stabilem
438 3151 605 3222 certamque
639 3145 824 3204 sententiam.
853 3165 921 3208 nam
954 3159 1057 3212 contra

218 3319 227 3353 ¹
243 3333 322 3368 cornua
340 3318 381 3366 iibs'
396 3324 415 3366 et
429 3320 519 3379 judices
536 3321 592 3384 def]
609 3321 736 3369 eliditorum
746 3321 819 3384 copia,
829 3323 899 3386 qualis
916 3325 1059 3377 circumstare

183 3379 291 3436 judicium
317 3379 339 3426 in
359 3379 407 3426 lom
427 3381 513 3428 solebat
527 3405 537 3416 -
560 3407 569 3416 ·
593 3383 691 3442 defuere,
711 3395 756 3443 quo
771 3381 842 3429 miuus
861 3386 1014 3435 veliementius
1033 3395 1058 3436 et

186 3437 296 3498 copiosius
306 3439 399 3485 diceres.
991 3469 996 3485 2

216 3517 228 3552 ¹
243 3524 268 3566 ut
278 3521 368 3581 austri]
401 3519 479 3574 Stoici,
490 3519 528 3581 qui
538 3519 678 3568 existentiam
697 3521 796 3576 Βεοηιιιτ
807 3537 819 3568 a
831 3538 854 3572 se
865 3525 931 3575 certis
941 3541 1057 3587 arminen-

189 3575 216 3626 th
226 3577 373 3628 demonstrari
383 3579 496 3640 dicebant,
506 3579 569 3628 nuda
578 3579 717 3630 dubitatione
732 3581 819 3631 relicte.
