2548 4208
498 303 599 356 mana
616 297 768 358 admunt.
992 307 1055 370 205

187 455 299 518 rubrius
318 456 350 516 in
371 453 545 516 violentiam
561 454 775 512 vinolentorum
787 448 908 522 incidet,
918 453 987 510 anta
1000 451 1057 510 dit·

185 560 272 616 cedat
284 577 291 614 ε
302 556 346 614 sic
356 553 625 628 injuriasiortunae‚
638 569 709 628 quas
721 553 794 610 terre
805 567 940 626 nequeas,
948 550 1057 626 deiugi·
1155 563 1161 576 ’

187 659 265 716 endo
277 655 431 729 retinquan.
461 653 545 710 Haeo
556 653 668 720 eadem,
681 668 755 726 quas
769 650 921 726 Epicurus,
934 650 1057 708 totidem

186 755 286 812 verbis
300 754 375 812 uicit
387 759 418 812 et
434 753 638 826 Hieronymus.

228 853 314 924 Quod
326 851 353 909 si
365 851 388 910 ii
409 852 584 927 philosophi,
605 866 724 926 quorum
744 865 780 906 ea
796 847 944 907 sententia
956 850 1011 914 est.
1024 849 1058 904 nt

187 949 280 1010 virtus
294 968 344 1024 per
357 969 389 1009 se
402 951 465 1026 ipsa
476 951 550 1010 nibit
566 953 679 1009 vateat:
700 966 853 1023 omneque,
866 947 943 1022 quod
955 947 1058 1004 bones·

189 1054 250 1106 tum
275 1067 336 1118 nos,
366 1057 397 1110 et
418 1053 564 1110 laudabile
585 1068 651 1110 esse
672 1051 805 1115 dicimus,
826 1047 856 1105 id
876 1045 921 1102 itti
942 1059 1058 1102 emaum

189 1147 335 1222 quiddam,
348 1154 380 1206 et
392 1150 474 1209 inani
490 1151 573 1208 vocis
586 1167 659 1208 sono
671 1151 841 1206 decoratum
861 1163 926 1203 esse
940 1143 1058 1202 dicanta

189 1251 336 1304 ettamen
357 1263 471 1321 semper
492 1251 613 1320 beatum·
634 1253 759 1306 censent
786 1264 851 1305 esse
878 1245 1056 1318 sapientem:

188 1344 255 1420 quid
270 1348 389 1405 tandem
403 1363 420 1403 a
436 1347 557 1406 Socrate
571 1355 602 1406 et
626 1348 749 1406 Platone
774 1345 908 1420 proiectis
933 1345 1059 1416 pbiloso-

190 1445 256 1518 phis
268 1446 434 1503 iaciendum
449 1450 531 1517 putes
545 1443 557 1504 i
587 1463 705 1520 quorum
723 1445 774 1503 alii
788 1451 899 1502 tantam
913 1449 1061 1515 praestan·

191 1541 263 1599 tiam
273 1544 305 1602 in
317 1545 400 1602 bonis
410 1543 500 1602 animi
509 1561 572 1600 esse
580 1543 691 1610 dicunt,
701 1542 722 1574 ⁸⁰
734 1549 766 1600 ut
776 1545 812 1600 ab
826 1542 881 1608 bis,
892 1540 1020 1612 corporis
1029 1542 1061 1597 et
1077 1609 1079 1617 Ι

190 1646 312 1700 externa
323 1644 522 1700 obscurentur.
544 1641 608 1700 Atii
616 1648 714 1698 antem
727 1643 800 1698 baec
811 1658 848 1698 ne
859 1643 934 1696 bona
943 1639 1060 1714 quidam

193 1741 321 1814 ducunt3
342 1741 373 1798 in
387 1742 485 1800 animo
499 1746 641 1814 reponunt
655 1740 762 1798 omnia.
805 1741 933 1813 Quorum
946 1747 1060 1797 contro·

191 1841 318 1899 versiam
331 1843 452 1908 rotabat,
466 1847 611 1916 tamquam
625 1839 794 1898 honorarius
803 1840 917 1906 arbiter,
925 1839 1060 1914 judicare

191 1938 367 1999 Carneades.
382 1939 450 1998 nam
463 1959 539 2006 cum,
550 1957 747 2014 quaecumque
760 1942 835 1998 bona
846 1938 1060 2010 Peripateticis,

189 2040 292 2098 eadem
314 2039 423 2098 Stoicis
444 2042 597 2099 commoda
626 2041 815 2098 viderentur:
847 2057 941 2114 neque
960 2045 1060 2096 tamen

189 2137 378 2212 Peripatetici
390 2143 453 2213 pius
467 2141 626 2199 tribuerent
645 2140 768 2207 divitiis,
784 2141 878 2198 bonae
894 2135 1059 2203 valitudini,

190 2239 296 2294 ceteris
309 2241 393 2295 rebus
407 2239 521 2312 generis
542 2240 681 2312 eiusdem,
694 2257 781 2313 qnam
797 2237 911 2296 Stoici:
932 2253 999 2294 cum
1013 2251 1059 2303 ea,

191 2351 232 2402 re,
246 2353 305 2392 non
326 2336 423 2392 verbis
446 2339 691 2408 ponderarentur;
715 2336 737 2368 ⁰¹
758 2353 876 2393 causam
894 2353 958 2394 esse
977 2334 1071 2424 diam-l

190 2433 280 2490 dendi
294 2435 427 2505 negabat.
470 2435 566 2504 Quare
582 2434 659 2490 bunc
681 2435 777 2490 iocum
798 2441 960 2494 ceterarum
973 2435 1059 2494 disci·

191 2528 336 2602 ptinarum
351 2528 516 2602 pbttosopbi
530 2531 770 2604 quemadmodum
793 2532 925 2588 obtinere
938 2535 1059 2606 possint,

181 2602 255 2701 ⁸ipse
281 2626 416 2684 viderint.
466 2627 544 2685 Mihi
572 2635 669 2686 tamen
696 2635 808 2702 gratum
835 2636 889 2697 est,
916 2633 992 2704 quod
1022 2633 1060 2688 de

192 2725 356 2799 sapientum
372 2732 509 2800 perpetua
533 2728 608 2784 bene
634 2727 755 2784 vivendi
779 2729 917 2786 facultate
941 2729 1060 2804 dignum

171 2863 174 2872 ι
191 2825 327 2901 quiddam
340 2825 572 2899 pbilosophorum
587 2843 659 2882 voce
674 2827 850 2898 profitentur.

235 2924 295 2980 Sed
329 2924 465 2998 quoniam
500 2941 585 2982 mane
613 2929 657 2982 est
685 2925 820 2992 eundum,
850 2925 901 2982 has
934 2925 1061 3002 quinque

192 3019 304 3080 dierum
338 3023 548 3096 disputationes
593 3023 732 3081 memoria
773 3025 1060 3098 comprehendamus.

188 3119 336 3197 ‘Equidem
351 3139 397 3179 me
412 3121 501 3182 etiam
515 3123 744 3197 conscripturum
766 3125 894 3182 arbitror.
917 3123 965 3182 ubi
982 3125 1061 3183 enim

222 3275 244 3307 ⁸⁰
258 3280 284 3324 ut
293 3277 320 3322 ab
330 3277 365 3323 iis
375 3278 470 3335 cumbris
478 3283 498 3324 st
508 3282 598 3324 cctam
607 3278 727 3340 observant]
747 3277 786 3325 alii
800 3293 841 3326 scr.
853 3283 877 3324 st
886 3278 937 3326 edd.
949 3279 1061 3326 odrermn·

193 3337 239 3389 tar.
249 3349 262 3380 e
272 3350 317 3398 quo
333 3337 448 3394 Bentlejus
458 3346 481 3382 et
493 3338 596 3386 Davisius
613 3337 686 3384 iecere
695 3339 855 3384 obscurentur:
871 3339 935 3386 irene
954 3339 1061 3396 adjuvant

193 3393 251 3440 Mas.
263 3395 300 3454 qui
310 3395 394 3442 babent
408 3397 530 3443 obscurent.
563 3395 684 3443 Lambinus
695 3405 718 3442 et
728 3397 854 3454 Manutius,
865 3397 941 3454 iunia,
952 3403 995 3444 etc.
1013 3398 1060 3456 jam

195 3451 285 3500 edidere
293 3455 454 3502 obscurentur:
473 3471 513 3502 nee
522 3456 622 3502 dubitavi
632 3456 655 3502 id
666 3471 778 3501 revocure.

224 3531 243 3564 ⁸¹
259 3547 347 3579 causam
362 3533 524 3595 desiderandi]
553 3535 612 3582 Mas.
630 3534 706 3595 plures
720 3533 850 3596 dissidendi,
866 3536 925 3598 quod
942 3536 1022 3586 nutrito
1037 3536 1060 3584 in

195 3591 279 3635 textum
290 3591 401 3652 recipitur.

107 3709 118 3730 .
234 3686 303 3727 vou-
318 3689 369 3729 xv.
425 3691 473 3710 ’-
588 3677 625 3731 23
