3354 4234
690 346 936 404 transeamus.
1203 347 1246 414 29

377 489 504 573 quidem,
517 499 650 574 quamvis
664 503 791 560 emditus
804 502 851 569 sit,
864 501 941 560 sicut
954 503 1008 568 est,
1022 498 1095 558 haec
1106 495 1247 572 magistro

377 598 522 655 concedat
537 599 709 657 Aristoteli:
740 617 846 658 cauere
866 601 929 674 ipse
940 601 1053 658 doceat.
1076 599 1152 656 bene
1166 597 1246 656 enim

376 692 430 752 illo
442 698 597 770 proverbio
612 698 791 758 Graecorum
802 699 985 774 praecipitur.

521 851 595 902 Quam
606 853 698 915 quisque
707 854 768 902 norit
777 858 857 913 amem,
867 855 890 902 in
900 855 942 902 hnc
953 868 977 902 se
986 858 1101 904 excecat.

378 982 464 1058 iliam
478 1009 551 1050 vero
563 993 690 1052 tunditur
705 993 857 1068 ejiciamus
869 995 1085 1053 individuorum
1093 1010 1244 1068 corporum
1257 985 1265 996 ’

377 1090 505 1151 laevium
539 1099 570 1150 et
602 1095 788 1152 rotundorum
821 1095 1043 1152 concursionem
1078 1095 1243 1152 fortuitam:

377 1205 462 1264 quarn
476 1195 574 1249 tamen
589 1193 776 1260 Democritus
787 1194 1017 1252 concalefactam
1025 1199 1056 1250 et
1066 1193 1245 1268 spirabilem,

376 1287 475 1358 idest,
495 1291 651 1350 animalem
671 1310 737 1350 ease
757 1293 860 1351 votuit.
881 1293 907 1350 is
927 1297 1025 1350 autem
1049 1291 1172 1360 animus,
1185 1291 1245 1367 qui,

376 1387 402 1445 si
416 1395 461 1447 est
474 1390 575 1448 horum
589 1397 722 1466 quattuor
735 1411 882 1468 generum,
896 1410 934 1449 ex
949 1392 1052 1466 quibua
1062 1391 1162 1449 omnia
1175 1407 1246 1448 con·

375 1492 452 1543 stare
461 1488 605 1555 dicuntur,
619 1508 658 1546 ex
671 1490 849 1548 inflammata
862 1490 960 1548 anima
973 1495 1099 1559 constat,
1112 1493 1144 1548 ut
1157 1489 1249 1562 potis*

376 1583 481 1642 simum
516 1585 611 1642 videri
641 1587 729 1643 video
762 1587 913 1654 Panaetio,
940 1588 1088 1660 superiora
1110 1588 1248 1660 capessat¹

262 1727 266 1735 ,
376 1700 498 1741 necesse
512 1692 563 1740 ast.
579 1683 652 1741 nihii
666 1685 745 1742 enim
759 1686 869 1742 habent
879 1686 953 1742 haec
964 1687 1021 1742 duo
1031 1703 1138 1760 genera
1151 1685 1245 1759 proni,

376 1786 406 1840 et
419 1799 523 1856 supera
536 1800 650 1864 semper
670 1789 781 1856 petunt.
796 1783 846 1851 its,
861 1784 925 1841 sive
939 1783 1123 1857 dissipantur,
1142 1785 1245 1858 procui

376 1899 394 1940 a
418 1882 502 1940 terris
523 1881 553 1939 id
574 1882 693 1940 evenit:
713 1883 778 1940 sire
799 1889 983 1957 permanent,
1006 1887 1037 1940 et
1064 1887 1243 1944 conservant

374 1981 505 2048 habiturn
518 1998 610 2048 suum,
626 1983 680 2040 hoc
702 1983 792 2040 etiarn
806 1983 898 2058 magia
912 2001 1032 2041 necesse
1056 1989 1100 2040 eat
1115 1983 1244 2041 terantur

342 2083 348 2092 '
374 2083 411 2140 ad
425 2085 548 2151 caetum,
562 2087 593 2140 et
616 2082 712 2140 abhis
739 2089 938 2157 perrumpatur
957 2089 987 2141 ot
1006 2081 1154 2140 dividatur
1166 2097 1242 2140 cras·

374 2199 421 2238 sus
436 2181 484 2238 hic
504 2187 534 2238 et
558 2185 712 2239 concretus
737 2199 796 2250 aer,
819 2182 867 2258 qui
892 2187 1054 2261 estterrae
1083 2182 1240 2256 proximus.

374 2281 497 2340 calidior
510 2286 555 2338 est
576 2281 665 2348 enirn,
679 2283 728 2338 vel
743 2281 837 2353 potius
851 2283 999 2340 ardentior
1011 2282 1134 2349 animus,
1155 2295 1242 2355 quam
1290 2309 1295 2318 ·

373 2386 418 2438 est
432 2380 481 2439 hic
492 2397 644 2456 aaronem
656 2381 742 2438 modo
752 2380 815 2442 dixi
826 2397 954 2439 crassum
963 2387 1048 2456 atque
1062 2385 1241 2439 concretum.

373 2479 448 2552 quod
463 2495 501 2534 ex
516 2495 552 2534 eo
565 2477 633 2534 sciri
655 2481 759 2550 potest,
783 2479 849 2552 quia
868 2495 989 2552 corpora
1008 2483 1105 2535 nostra
1126 2481 1241 2535 terreno
1253 2474 1293 2534 la

373 2575 581 2650 principiorum
608 2593 716 2649 genere
736 2577 879 2644 coniecta,
900 2577 1002 2634 ardore
1023 2574 1114 2634 animi
1133 2591 1240 2634 conca·

373 2677 505 2734 luerunt.¹
538 2673 676 2741 Accedit,
691 2679 722 2731 ut
747 2689 783 2731 so
796 2675 909 2734 facilius
931 2675 1045 2732 animus
1067 2675 1176 2731 evadat
1199 2691 1241 2733 ex

372 2773 429 2832 hoc
443 2757 521 2840 aiire,
534 2789 619 2846 quem
633 2781 721 2845 saepe
725 2773 789 2845 jans
800 2775 922 2844 appatio,
933 2789 1054 2846 eumque
1065 2779 1241 2846 perrumpat,

373 2873 448 2948 qnod
463 2870 537 2928 nihil
558 2875 604 2927 est
626 2870 725 2927 animo
749 2871 893 2939 velocium
922 2871 1001 2927 uuita
1025 2873 1070 2927 eat
1093 2871 1241 2944 celeritas,

371 2990 445 3048 quae
460 2971 551 3045 possit
564 2987 630 3028 curn
652 2969 743 3027 animi
761 2969 910 3026 celeritate
934 2969 1122 3028 contendere.
1143 2969 1192 3047 qui
1212 2969 1239 3032 si

371 3075 522 3147 permanet
537 3070 727 3144 incorruptus,
741 3069 840 3144 suique
860 3067 980 3126 similis:
1001 3085 1122 3128 necesso
1136 3077 1181 3129 est
1196 3071 1239 3130 ita

371 3171 486 3239 teratur,
500 3173 532 3227 ut
545 3174 686 3243 penetret,
700 3175 730 3225 st
753 3167 866 3226 diuidat
884 3183 972 3225 omne
992 3165 1106 3228 cantum
1120 3171 1185 3239 hoc,
1204 3170 1237 3228 in

371 3286 428 3344 quo
439 3271 539 3337 nubes,
554 3269 668 3337 imbres,
684 3268 819 3344 ventique
834 3273 990 3340 coguntur:
1013 3269 1088 3342 quod
1102 3275 1132 3326 et
1146 3269 1237 3328 humi·

371 3369 449 3435 dum,
462 3373 493 3426 et
501 3368 692 3442 caliginosum
703 3373 755 3433 est,
777 3371 893 3440 propter
906 3368 1109 3426 exhalationes
1132 3375 1236 3428 terrae.

371 3483 456 3542 quam
477 3467 626 3542 regionem
653 3483 718 3524 oum
740 3463 886 3540 superavit
906 3465 1029 3538 animus,
1048 3471 1236 3546 naturamque

410 3579 481 3624 ron.
502 3583 554 3624 xv.
809 3559 854 3618 3*
