2538 4188
243 278 306 338 398
448 327 461 357 l
489 269 534 318 DE
553 268 693 318 NATURA
713 266 857 318 DEORUM

241 424 339 477 autem
353 416 491 492 reliquiae
505 417 565 475 eibi
584 419 766 492 depellantur
788 423 848 476 tum
863 417 1112 494 adstringentibue

241 536 273 575 aa
292 517 449 583 intestinis,
473 522 534 574 tum
563 517 771 582 relaxantibus,
795 519 873 574 haud
894 536 964 575 sane
987 519 1112 576 difficile

239 617 322 674 rlietu
348 621 409 674 eet:
438 617 490 672 sed
514 621 612 672 tameo
632 619 873 689 praetereundum
898 624 952 684 est,
977 635 1013 674 ne
1042 618 1136 692 quid-

239 715 347 772 lrabeat
366 714 586 788 injucunditatis
606 714 706 771 oratio.
747 713 767 746 ⁵⁵
783 716 839 772 llla
866 715 963 789 potius
984 716 1113 789 explice-

240 818 287 871 tur
305 813 484 872 incredibilis
503 813 613 870 fabrica
633 820 763 870 naturae.
805 815 885 870 Nam
906 832 981 888 quae
1001 815 1111 888 spiritu,

239 913 272 972 in
286 916 437 986 pulmones
451 912 547 969 anima
567 912 691 980 ducitur,
708 930 743 969 ea
756 913 881 969 calescit
903 913 1027 985 primum
1046 912 1111 970 ”ab

240 1030 278 1072 co
296 1014 409 1087 spiritu,
428 1013 535 1070 deinde
559 1011 735 1086 contagione
761 1013 1005 1090 pulmonumeex
1021 1029 1111 1086 eaque

240 1131 306 1186 pars
321 1111 448 1170 redditur
460 1112 637 1184 respirando,
653 1128 717 1182 pars
731 1109 896 1181 concipitur
917 1111 1014 1167 cordia
1029 1117 1110 1184 parte

239 1212 373 1284 quadam,
392 1207 413 1242 Π
426 1229 510 1284 quem
533 1211 727 1267 ventriculum
748 1209 844 1266 cordis
867 1211 1030 1282 appellant:
1061 1207 1112 1266 cui

239 1307 342 1365 similis
357 1309 430 1364 alter
443 1309 596 1382 adJunctua
610 1309 706 1382 estin
722 1327 820 1382 quem,
833 1309 950 1382 sanguis
974 1325 991 1364 a
1005 1307 1110 1380 jecore

238 1424 291 1480 per
302 1424 408 1462 venam
421 1407 503 1463 illam
517 1423 622 1463 cavam
643 1405 746 1463 influit.
789 1407 891 1484 quue
904 1407 987 1464 modo
1000 1424 1039 1462 ex
1061 1406 1109 1462 his

238 1506 367 1580 partibus
388 1509 418 1560 et
430 1504 547 1578 sanguis
570 1522 725 1578 perrenae
740 1506 772 1562 in
787 1524 876 1563 omne
891 1523 992 1577 corpus
1007 1505 1111 1562 diffun·
1154 1518 1157 1525 “

239 1605 325 1672 ditur,
339 1608 369 1660 et
390 1603 507 1676 spiritus
533 1622 583 1676 per
596 1605 726 1662 arterias.
769 1605 918 1679 Utraeque
933 1609 1030 1661 autem
1047 1621 1108 1660 cre·
1177 1581 1184 1594 ”

238 1704 308 1760 brae
322 1706 485 1777 multaeque
502 1709 564 1759 toto
585 1721 705 1776 corpore
725 1704 857 1760 intextae
880 1707 940 1760 vim
963 1703 1108 1778 quandam

238 1804 441 1862 incredibilem
468 1803 617 1860 artificiosi
643 1803 738 1876 operis
771 1802 929 1893 divinique
955 1809 1106 1862 testantur.

240 1903 318 1974 Quid
339 1903 434 1959 dicam
448 1903 485 1958 de
499 1902 633 1959 ossibus?
653 1919 726 1977 qnae
739 1903 872 1974 subjecta
887 1901 1011 1973 corpori,
1025 1900 1108 1958 mira·

237 2000 311 2056 biles
325 2001 527 2058 commissuras
539 2002 656 2069 habent,
666 2007 695 2058 et
710 2003 745 2056 ad
765 1991 954 2056 stabilitatem
969 1999 1063 2070 aptas,
1077 2002 1108 2056 et

179 2116 180 2120 ’
237 2100 274 2156 ad
288 2105 365 2154 artus
386 2100 528 2156 finiendos
542 2099 783 2161 accommodatas,
797 2103 825 2152 et
840 2098 875 2151 ad
891 2101 1010 2163 motum,
1024 2103 1055 2154 et
1071 2097 1109 2154 ad

236 2213 353 2262 omnem
368 2200 495 2271 corporis
510 2197 664 2254 actionem.
706 2195 772 2250 lluc
786 2194 860 2250 adde
882 2210 998 2261 nervos,
1013 2211 1031 2251 a
1045 2197 1106 2270 qui·

236 2300 290 2355 bus
301 2307 378 2356 artus
390 2301 592 2368 continentum
613 2313 766 2370 eorumque
784 2294 1017 2368 implicationem
1042 2302 1105 2355 toto

235 2413 356 2470 corpore
369 2399 579 2472 pertinentem:
601 2399 662 2471 qui,
683 2395 703 2427 ⁵⁸
716 2395 791 2453 sicut
813 2391 907 2452 vanae
921 2399 952 2452 ct
973 2395 1106 2466 arteriae,

237 2514 255 2554 a
268 2499 356 2554 corde
379 2499 474 2567 tracti,
488 2504 518 2554 et
532 2467 664 2569 prolecir,
677 2497 708 2553 in
723 2513 826 2569 eorpus
846 2512 932 2552 omne
954 2496 1106 2553 ducuntur.

184 2599 225 2662 56
240 2597 288 2681 Ad
303 2597 379 2654 hanc
393 2595 607 2669 providentiam
622 2600 740 2652 naturae
756 2598 815 2651 tam
830 2593 1013 2670 diligentem,
1033 2600 1105 2652 tam-

266 2771 347 2874 ⁵⁵gtlc
356 2769 429 2826 ponci
439 2782 457 2814 c.
467 2768 484 2814 i.
498 2767 611 2829 sutrim]
641 2767 696 2826 Illa,
715 2770 776 2828 euius
788 2782 853 2830 supra
861 2767 947 2818 mentio
955 2768 1015 2815 taeta
1024 2767 1046 2816 in
1056 2769 1106 2830 pul·

236 2845 296 2876 morri
316 2845 348 2875 ur.

267 2910 288 2942 ⁵⁶
304 2908 331 2952 ab
342 2922 364 2952 ec
373 2906 464 2962 spiritu
475 2905 554 2952 ddnde
565 2908 692 2964 eonmgiooc
699 2907 840 2967 pulmonum]
858 2903 963 2962 eminio
972 2920 1001 2952 aa.
1013 2919 1047 2962 eo,
1059 2921 1105 2976 quo

237 2967 326 3014 ducitur
337 2966 359 3011 in
372 2967 486 3025 pulmones
496 2965 570 3011 anima
581 2991 587 2998 ·
623 2966 749 3022 contagione
757 2979 779 3023 p.
788 2967 840 3036 quia
850 2967 964 3025 pulmones
970 2971 1019 3010 aunt
1030 2965 1107 3024 calidi,

237 3032 261 3072 et
271 3027 384 3070 contractu
395 3039 435 3070 suo
444 3024 532 3069 animae
541 3025 637 3069 calorem
647 3025 738 3069 addunt.
772 3026 842 3082 lgrtur
859 3023 890 3069 nil
906 3038 941 3068 me
958 3024 993 3069 hie
1002 3024 1104 3070 offendit.

238 3085 276 3131 red
293 3084 349 3130 Mes.
367 3082 435 3128 etiam
453 3081 526 3128 Guell.
543 3089 567 3127 et
582 3083 632 3127 edd.
653 3086 708 3127 vett.
727 3082 810 3128 habent
825 3081 974 3138 enantion,
1003 3083 1061 3143 quod
1079 3088 1105 3130 et

237 3143 343 3194 Davisius
354 3141 474 3187 revocavit.
507 3141 641 3198 Contegionc
651 3140 730 3188 melius
740 3149 763 3186 et
772 3141 876 3188 Ciceroni
891 3141 993 3187 usitatius
1002 3147 1043 3188 est.

268 3224 290 3256 δ”
305 3237 370 3281 prom
379 3225 437 3267 aad.
447 3233 463 3265 r.
475 3221 535 3280 app]
554 3234 640 3280 semper
649 3220 734 3280 putavi,
745 3219 826 3266 rectiur
843 3233 890 3266 erre
905 3234 986 3279 quem:
1007 3221 1104 3282 denique

238 3280 270 3330 ric
281 3281 383 3341 repertio
393 3280 429 3325 ed.
442 3279 539 3326 Medici.
549 3277 625 3339 itaque
634 3293 678 3326 non
689 3277 790 3324 dubitavi
802 3278 908 3338 recipere.

268 3361 289 3393 ⁵⁰
303 3360 360 3406 ricad
369 3374 390 3405 u.
409 3359 565 3414 electarium
576 3359 639 3405 corde
649 3359 713 3404 tracti
723 3365 742 3403 ct
750 3358 862 3420 mosceti]
894 3358 970 3418 Vulgo
979 3364 1012 3406 ert
1022 3363 1105 3408 &neme

237 3421 384 3476 etmpscrroe.
397 3419 436 3464 red
447 3419 501 3464 baec
518 3418 644 3478 praedicata
660 3418 748 3479 aptiora
763 3416 912 3464 suntnerrt'r:
931 3420 990 3466 unde
1005 3420 1037 3464 ric
1053 3433 1103 3466 ror·

238 3489 317 3521 rexere
338 3477 445 3524 liniemus
463 3481 487 3522 et
501 3477 614 3541 Davisius,
630 3481 709 3526 utros
724 3477 839 3526 edidimus.
870 3478 965 3526 Veteres
981 3477 1104 3528 credebant

238 3547 318 3580 nervos
328 3548 342 3579 a
352 3536 420 3582 eorde
429 3536 487 3584 duci.
