2538 4188
448 319 709 374 nraanrssrrus.
967 327 1029 391 tol

395 426 406 454 0

208 467 270 530 Sed
290 469 398 546 urgetis
412 470 580 538 identidem,
605 471 756 530 bominum
773 487 838 531 osse
860 471 948 530 islam
971 471 1079 560 ⁰¹¹¹·s1

160 585 239 645 pam,
255 572 456 628 nonrleorum:
479 580 509 629 nt
533 571 558 628 ri
581 572 710 628 medicus
732 572 905 645 gravitatem
928 570 1030 638 morbi,

157 672 336 744 gubernator
360 671 419 727 vim
445 673 624 728 temoestatis
644 674 772 728 accuset.
797 669 854 728 etsi
869 669 900 726 bi
913 667 1031 742 quidem

157 767 353 836 homunculi3
388 770 440 824 sed
461 773 559 826 tnmen
581 769 704 827 ridiculi.
747 770 820 842 Quis
843 766 921 826 enim
938 773 967 824 te
980 767 1029 826 sd·

156 867 310 932 hibuisset,
325 868 432 924 dixerit
448 867 599 941 quispiam,
614 868 639 925 si
653 869 710 928 ista
724 885 783 926 non
797 863 919 924 esseut?
938 863 1029 924 'cott-

159 968 203 1022 lra
219 967 303 1023 deum
319 965 387 1022 licet
401 967 547 1039 disputare
563 968 679 1026 liberius
694 964 706 1022 l
723 967 758 1022 ln
773 964 922 1022 bominum
938 961 1028 1031 vitiis,

158 1063 212 1130 ais,
241 1082 305 1121 esse
324 1067 447 1138 culpam.
500 1067 573 1125 Eam
597 1069 726 1124 dedisses
752 1063 916 1124 homiuibus
944 1061 1029 1120 rstic-

159 1179 332 1237 serraquae
359 1166 431 1222 vitia
445 1169 616 1240 culpamque
641 1165 819 1222 excluderet.
860 1162 921 1222 Ubi
941 1161 1029 1237 igitur

158 1263 241 1320 locus
254 1262 307 1319 luit
329 1263 416 1320 errori
441 1261 581 1323 deorum?
602 1280 668 1320 nam
694 1261 866 1334 patrimonia
884 1279 937 1337 spe
952 1264 1028 1320 bene

158 1362 293 1418 tradendi
307 1361 510 1436 relinquimus;
532 1381 587 1438 qua
610 1379 758 1432 possumus
779 1362 859 1420 lalli:
880 1364 951 1419 deus
963 1358 1029 1419 tattt

159 1459 208 1534 qul
224 1458 339 1532 potnit?
358 1479 396 1520 an
411 1467 443 1517 ut
459 1462 519 1528 Sol,
539 1463 573 1519 in
596 1478 709 1519 currum
723 1479 790 1520 cum
811 1459 1027 1519 Pba'e'tbontem

158 1558 251 1617 filium
263 1559 394 1616 sustulit:
415 1564 464 1616 aut
493 1560 654 1631 Neptunus,
676 1578 743 1618 cum
759 1560 894 1617 Theseus
919 1559 1028 1630 Hippu-

159 1658 253 1731 lytum
275 1658 408 1730 perdidit,
428 1655 516 1715 ⁹cum
536 1663 581 1714 ter
599 1654 720 1728 optandi
740 1674 759 1714 a
785 1657 924 1729 Neptuno
945 1661 1027 1728 patre

157 1755 307 1814 habuisset
330 1751 530 1828 potestatem?
562 1754 718 1813 Po'e‘tarum
733 1757 891 1814 istasunt:
912 1773 965 1812 nos
979 1770 1028 1812 au·

158 1857 219 1911 lem
241 1853 406 1927 philosophi
429 1871 493 1911 esse
518 1857 660 1920 volumus,
682 1870 775 1912 rerum
799 1860 941 1920 auctores,
967 1868 1027 1912 nou

157 1952 327 2010 tabulamm.
370 1952 468 2028 Atque
483 1953 504 2011 ii
526 1961 623 2010 tamen
638 1954 693 2026 ipsi
715 1953 756 2010 dii
772 1951 881 2025 poitlci
909 1952 934 2009 si
957 1953 1027 2010 scis·

155 2057 230 2118 sent,
246 2050 407 2125 perniciosa
421 2053 485 2111 lore
499 2051 551 2114 illa
573 2051 648 2122 filiis,
664 2061 804 2127 peccasse
828 2053 859 2111 in
882 2053 1028 2111 beneficio

158 2156 333 2224 putarentur.
374 2153 423 2221 Et,
436 2152 462 2211 si
483 2169 585 2213 verum
604 2159 658 2220 est,
671 2155 747 2229 quod
763 2153 864 2212 Aristo
877 2152 969 2210 Obius
983 2150 1026 2208 di·

156 2264 224 2306 cere
238 2251 359 2316 solebat,
373 2269 488 2307 nocere
503 2254 687 2312 audientibus
708 2251 893 2326 philosophos
907 2250 953 2316 iis,
975 2247 1025 2324 qui
1075 2253 1079 2260 '

155 2341 232 2404 bede
245 2345 325 2402 dicta
339 2347 415 2400 mele
439 2345 712 2418 interpretarentur:
732 2365 817 2418 posse
832 2350 911 2408 enim
927 2355 1025 2408 asotos

157 2459 197 2501 ex
218 2439 369 2514 Aristippi,
383 2441 533 2500 acerbose
556 2441 686 2504 Zenonis
701 2421 803 2511 ecbola
826 2446 927 2500 exire:
948 2465 1025 2518 pror·

156 2559 214 2610 sus,
227 2541 262 2609 si,
277 2539 326 2616 qui
347 2537 621 2616 erudieruntritiosi
645 2543 742 2594 essent
763 2537 927 2606 discessuri,
948 2543 1025 2615 quod

153 2657 290 2715 perverse
307 2636 544 2710 philosophorum
562 2636 787 2708 disputationem
800 2638 1024 2710 interpretaren-

156 2741 219 2794 tur:
239 2739 337 2793 lacere
363 2738 519 2807 praestaret
547 2733 734 2806 philosophis,
758 2753 844 2810 quam
864 2737 908 2802 iis,
923 2737 971 2812 qni
991 2753 1023 2796 se

155 2831 315 2898 audissent,
334 2847 450 2889 nocere.
492 2830 555 2896 Sic,
577 2830 603 2886 si
623 2830 755 2888 homines
779 2835 928 2902 rationem,
947 2840 1024 2895 bono

156 2927 282 2987 consilio
295 2946 312 2986 a
323 2929 379 2986 diis
393 2928 601 2987 immortalibus
615 2929 722 2994 datam,
737 2930 767 2987 in
790 2932 919 2990 lraudem
942 2935 1024 2993 msti-

153 3009 281 3103 tismqu'e
303 3032 494 3086 convertunt:
517 3046 576 3087 non
599 3028 662 3086 dari
680 3029 771 3097 illam,
790 3049 874 3106 quam
894 3034 957 3091 «leri
971 3036 1022 3093 hu·

155 3143 244 3186 mano
263 3127 364 3202 generi
385 3128 488 3186 molius
514 3128 577 3187 tuit.
617 3127 698 3196 ¹⁰Ut,
724 3130 751 3186 si
779 3131 907 3189 medicus
936 3134 1023 3205 sciat,

72 3319 73 3324 Ἰ
186 3261 197 3294 ³
212 3263 364 3312 metrodorum
377 3287 386 3300 ·
401 3287 412 3299 -
426 3262 528 3326 tiberim
545 3264 696 3323 interrogandi
706 3269 782 3312 notam
791 3264 875 3314 addidi.
893 3281 945 3315 nam
963 3271 1022 3318 amr·

156 3321 238 3368 nantis
247 3322 322 3369 oratio
331 3322 399 3385 impia
407 3323 479 3371 toret:
495 3339 536 3370 aee
546 3323 649 3371 convenit
658 3324 805 3386 sequentibus.

185 3401 197 3433 ⁹
211 3415 263 3448 eum
272 3406 305 3449 ter
319 3402 410 3472 optomds'
418 3427 427 3436 -
436 3403 564 3472 3lqbuirrel
578 3405 708 3466 murteum]
723 3403 791 3450 immo
806 3419 821 3451 e
838 3404 907 3452 tribus
926 3407 1021 3466 optandi

154 3464 290 3519 potestatem
305 3461 390 3507 habunt
401 3475 430 3506 su
448 3470 517 3520 rgrtur
535 3463 632 3521 legemus
642 3477 693 3510 cum
702 3477 713 3508 c
723 3464 797 3510 tribus
813 3465 909 3521 optandi,
925 3473 966 3512 etc.
980 3467 1021 3514 im-

154 3518 1021 3644 metatustttt‘tttttrztrttuttt,stetisti

184 3651 206 3688 ¹⁰
223 3651 406 3720 [summellam]
422 3655 500 3708 muns
508 3659 568 3708 toret
579 3657 821 3723 dresdensem.
