2538 4188
245 349 310 414 434
503 341 549 393 hil
564 341 704 394 NATURA
720 342 878 393 DEORUM·

243 497 338 564 deam
360 492 410 571 qui
431 511 478 553 me
499 494 544 556 rio
568 501 668 570 roget3
690 495 725 554 Sl
751 494 793 552 dii
814 497 891 563 runt,
904 497 1010 554 suntne
1022 494 1112 556 etiam

242 596 402 670 Nymphae
415 593 513 654 deae?
539 596 566 654 ri
589 597 756 670 Nymphae,
771 595 892 654 Pariani
905 595 1004 663 etiam,
1018 603 1047 654 et
1062 599 1113 656 Se-

175 769 182 778 ·
242 693 326 771 tyri?
347 695 388 754 Hi
401 699 498 754 aulem
513 711 571 754 non
586 701 669 754 runt:
684 713 722 754 ne
738 697 896 770 Nymphae
910 697 1114 772 quidem·deae

242 795 340 871 igitur.
381 797 423 855 At
436 811 534 854 earum
553 797 662 869 templa
676 800 745 854 aunt
759 795 876 867 publioe
897 801 966 852 vota
981 803 1012 852 et
1033 794 1116 856 oedi-

241 900 318 953 ratn.
361 895 440 968 Quiri
456 891 568 970 igilur?
588 911 627 954 ne
646 895 738 954 ceteri
758 895 874 969 quidem
888 913 957 970 ergo
970 896 1022 963 dii,
1047 916 1116 972 quo·

240 1009 303 1052 mm
325 997 433 1067 templa
456 1001 524 1053 runt
550 994 693 1052 dedicata.
736 995 803 1068 Age
827 1011 921 1067 porro,
939 995 1060 1066 lovem,
1084 1002 1115 1056 et

240 1093 412 1165 Neptunum
432 1095 520 1152 deum
542 1111 683 1152 numeras.
698 1111 766 1168 ergo
785 1092 875 1150 etiam
900 1093 1002 1160 Oreus,
1025 1097 1115 1154 irater

239 1205 347 1259 eornm,
366 1193 448 1260 deur,
472 1197 503 1250 et
516 1193 570 1260 illi,
585 1194 634 1267 qui
650 1193 737 1251 luere
757 1195 833 1266 apud
848 1193 953 1250 inseror
968 1193 1114 1263 dicuntur,

238 1291 389 1358 Acheron,
400 1291 542 1365 Cocytus,
557 1292 817 1366 Pyriphlegethon,
832 1299 892 1350 tum
910 1294 1112 1372 Charomtum

237 1389 390 1458 Cerberur,
403 1391 446 1448 rlli
470 1391 600 1464 putandi.
644 1394 685 1450 At
707 1391 736 1448 iu
750 1392 869 1466 quidem
890 1392 1110 1466 repudiandum.

236 1489 286 1549 Ne
300 1491 393 1550 Oreus
412 1490 528 1566 quidem
542 1489 652 1566 igilur?
672 1491 750 1563 Quid
764 1492 863 1556 diuitis
878 1509 947 1568 ergo
961 1493 997 1548 lle
1018 1482 1110 1551 fratri·
1163 1548 1168 1565 ,

235 1589 311 1649 bue?
339 1591 413 1649 haee
436 1589 457 1622 ⁸⁰
471 1591 638 1650 Carneaden
653 1592 760 1664 ajebat,
774 1609 831 1648 uon
846 1597 877 1648 ut
891 1593 962 1648 deos
978 1595 1109 1650 tolleret:

236 1690 304 1766 qnid
333 1691 413 1750 enim
438 1691 610 1765 philoappbo
639 1691 735 1750 minua
758 1689 964 1749 eonveuieua?
986 1694 1048 1766 ¹sed
1078 1698 1110 1750 ut

237 1789 354 1848 Stoicos
370 1791 441 1849 nihil
455 1793 495 1849 de
515 1791 573 1849 (iiia
596 1790 748 1868 explieare
762 1791 963 1848 convinceret.
1006 1793 1108 1868 lleque

234 1890 448 1964 insequebatur.
490 1892 569 1964 Quid
583 1889 686 1949 onim?
706 1891 813 1964 ujebot,
831 1890 895 1948 eiii
921 1891 1022 1948 iratres
1041 1895 1108 1948 aunt

129 2040 130 2044 ,
231 1987 265 2046 iu
280 1990 625 2058 hemerammum
639 1992 676 2047 (le
697 1995 778 2063 patre
798 2007 896 2048 eurum
912 1991 1036 2047 Saturno
1057 2007 1106 2046 ne-

232 2087 296 2164 gari
317 2083 435 2160 puteat?
464 2103 551 2161 quem
577 2091 665 2160 vulgo
689 2088 818 2149 maxime
847 2090 885 2146 ad
912 2089 1105 2146 Occidentem

232 2191 342 2246 oolunt.
358 2188 406 2261 qui
425 2185 451 2242 ai
468 2191 514 2243 eat
532 2187 613 2253 deus,
628 2192 738 2260 petrem
760 2205 873 2264 quoque
887 2187 956 2262 ejus,
971 2187 1104 2255 Coelum,

232 2304 295 2344 erae
309 2288 395 2342 deum
406 2286 607 2348 confitendum
632 2291 684 2344 est.
728 2287 814 2359 Quod
837 2287 863 2344 ei
878 2288 919 2344 ita
942 2292 995 2354 est,
1017 2287 1110 2345 Coeli

231 2403 343 2462 qnoque
368 2389 502 2460 parentes
527 2385 569 2444 rlii
591 2387 717 2444 habendi
738 2393 814 2454 aunt,
830 2387 952 2453 Aether,
968 2392 998 2444 et
1018 2387 1101 2454 Dies,

231 2503 387 2561 eorumque
401 2486 512 2554 iratres,
531 2491 561 2542 el
575 2503 706 2542 sorores:
726 2485 776 2560 qui
794 2485 812 2516 ⁵¹
825 2503 844 2542 a
863 2486 1033 2560 genealogis
1054 2505 1104 2543 an·
1212 2539 1214 2544 .

230 2585 319 2659 tiquia
343 2586 386 2644 rio
408 2585 602 2652 nominantur,
626 2587 727 2652 Amor,
743 2586 844 2653 Dolor,
868 2585 976 2653 Melus,
999 2587 1104 2654 Labor,

232 2683 411 2750 Invidentia,
426 2683 542 2751 Fatum,
558 2685 711 2763 Senectus,
726 2684 816 2752 Mora,
832 2685 998 2752 Tenebrae,
1015 2685 1105 2742 Mise-

231 2783 284 2849 ria,
319 2784 454 2856 Querela,
489 2782 604 2849 Gratia,
638 2783 740 2850 Fraus,
775 2783 952 2851 Pertinacia,
981 2785 1102 2852 Pareae,

232 2881 420 2954 Hesperides,
450 2881 585 2940 Somnia:
607 2901 678 2958 quoa
704 2899 806 2940 omnes
833 2883 931 2942 Erebo
952 2889 982 2940 et
1003 2887 1104 2942 Nocte

231 2986 315 3039 naloa
349 2983 454 3040 lerunt.
499 2985 559 3041 Aul
586 2981 675 3056 igitur
701 2983 775 3040 baeu
804 2989 934 3040 monstra
953 2987 1102 3057 probanda

181 3077 219 3134 18
231 3087 308 3150 aunt,
321 3086 370 3138 aul
382 3081 472 3155 prima
486 3081 538 3140 illa
552 3082 689 3140 tollenda.
715 3079 817 3154 Quid?
834 3081 1013 3156 Apollinem,
1028 3085 1101 3143 Vul-

260 3235 282 3270 ⁵⁰
297 3233 523 3296 cinnamonum]
554 3235 717 3294 Vulgatimnle
734 3237 818 3294 ugrbrt,
836 3237 894 3298 qued
917 3241 942 3282 et
959 3237 1099 3286 Ma'GueII.
1173 3203 1175 3210 Ι

230 3295 300 3342 hahet
310 3315 315 3341 ι
331 3300 356 3341 at
365 3296 438 3356 plurea
448 3296 504 3344 Mar.
517 3295 596 3354 ajebat,
604 3295 665 3358 quod
676 3300 700 3341 et
709 3296 820 3342 sententia
832 3295 933 3355 requirit.

259 3376 280 3408 ⁵¹
294 3375 441 3432 ogrnenlogie
450 3375 566 3436 inopum]
597 3373 695 3420 Verbum
712 3374 836 3432 genealogis
845 3374 899 3420 mihi
916 3389 1098 3438 sempersuspee·

230 3436 277 3478 lum
287 3435 343 3479 tuit:
360 3435 412 3492 quia
422 3433 453 3479 aie
464 3435 557 3495 dienpm,
568 3447 648 3494 nempe
657 3434 686 3479 de
696 3433 729 3488 iia,
741 3434 778 3494 qui
788 3435 880 3480 deornm
895 3434 1057 3492 generatimes,
1073 3441 1099 3481 ut

228 3489 349 3544 Hesiodus,
359 3500 503 3550 exponerent,
513 3509 553 3540 nus
569 3495 612 3539 ianr
621 3492 701 3597 refferi.
733 3492 904 3552 suspicatusque
913 3507 969 3548 sum,
981 3495 1098 3551 legendum

227 3556 276 3590 eree
283 3547 392 3604 mentogh,
403 3561 448 3606 quo
457 3550 527 3596 verbo
557 3565 618 3596 reem
628 3565 640 3595 u
659 3551 748 3610 ielooia,
758 3551 781 3598 in
790 3552 832 3598 boo
840 3552 889 3613 ipso
899 3550 966 3610 libro,
981 3554 1010 3598 de
1021 3553 1063 3600 hae
1073 3567 1097 3597 re

227 3615 278 3650 urus
287 3607 328 3659 ert,
337 3610 361 3650 et
370 3603 452 3650 Graeci
461 3620 550 3666 semper
558 3613 658 3656 utuntur.
