2548 4208
482 315 583 368 mnan
602 315 765 370 suranus
976 319 1045 386 m

470 527 530 542 ....
540 507 548 531 ι
558 504 578 538 nr
588 502 691 562 injunge,

315 582 469 645 ¹Suspiciones,
485 582 624 638 inimicitiae,
641 579 751 639 induciae,

322 661 419 716 Bellum,
431 675 473 722 pax
484 675 577 708 rursum.
605 638 698 708 lIncerta
710 662 764 707 liner
774 660 826 708 ritu
835 660 935 722 portula

321 740 423 788 Ratione
432 747 496 788 certa
510 741 592 796 tacere,
601 739 674 788 nihilo
689 741 739 802 plur
749 753 809 800 agar,

321 821 394 872 Quam
405 819 424 868 ri
438 821 478 868 der
487 833 588 882 operam,
600 825 684 867 utrum
694 821 782 868 unone
791 818 897 868 manias.

173 968 258 1026 Haeo
273 967 479 1036 inconstantia,
495 968 730 1044 mutabilitasque
746 967 864 1034 mentis,
885 983 970 1041 quem
982 981 1046 1026 non

172 1066 236 1141 ipsa
251 1069 394 1142 pravitate
408 1065 576 1127 deterreat?
597 1075 641 1126 est
656 1067 734 1124 enirn
749 1067 831 1132 iilud,
846 1068 920 1140 qnorl
936 1067 967 1123 in
986 1083 1046 1124 om·

172 1167 204 1224 ni
219 1157 434 1240 perturbatione
448 1167 563 1234 dicitur,
577 1167 844 1232 demonstrandum,
856 1167 965 1222 nuliam
981 1183 1046 1224 esee

172 1266 235 1325 nist
244 1266 433 1339 opinabilem,
448 1265 505 1322 nisi
518 1266 633 1338 jndicio
646 1272 821 1339 susceptam,
836 1265 892 1322 nisi
914 1268 1046 1322 volunta·

137 1365 253 1422 ''riam.
281 1366 391 1422 etenim
419 1365 444 1421 si
473 1365 611 1421 naturalis
636 1382 716 1422 amor
740 1371 838 1421 esset:
860 1371 890 1421 et
914 1367 1047 1422 amarent

172 1481 284 1532 omnes,
298 1471 327 1521 et
349 1481 463 1536 semper
477 1469 617 1530 amarent,
641 1469 671 1520 et
693 1463 771 1520 idern
792 1470 933 1528 amarent,
952 1479 1047 1536 nequo

173 1563 262 1620 aliurn
277 1564 375 1636 pudor,
387 1562 475 1619 aliurn
486 1561 635 1634 cogitatio,
646 1559 734 1616 atium
746 1563 865 1617 satietas
879 1563 1046 1618 deterreret.

154 1668 158 1674 '
213 1659 292 1718 ¹’Ira
317 1678 395 1727 vero,
423 1678 509 1735 quum
536 1659 586 1716 diu
607 1661 753 1732 perturbat
774 1659 912 1725 animum,
936 1659 1100 1724 dubita-36

174 1759 285 1817 tionem
310 1760 442 1818 insaniae
471 1777 529 1816 non
558 1759 663 1814 lrabet:
685 1757 767 1833 cujus
787 1758 911 1834 impulsu
932 1757 1049 1816 exsistit

172 1859 261 1917 etiam
274 1858 351 1918 inter
361 1859 460 1916 iratres
476 1859 534 1915 tale
542 1857 690 1931 jurgium:

165 2047 169 2056 .
260 2011 799 2075 Onishomoteexmpersvitumpuamgentium
808 2010 973 2075 impudentis?
1018 1987 1022 2000 Κ

180 2140 186 2149 ,
261 2094 316 2146 Quis
331 2100 405 2144 antem
421 2093 509 2142 malitia
519 2091 561 2144 te?

175 2233 263 2293 Nosti
286 2251 359 2308 qnae
373 2241 538 2308 sequuntur.
554 2233 674 2292 alternis
698 2231 778 2292 enim
801 2231 933 2290 versibus
957 2230 1046 2290 intor-

90 2353 92 2358 ’
172 2337 295 2405 quantur
326 2333 404 2389 inter
430 2333 531 2410 iratres
558 2333 747 2406 gravissimae
775 2332 989 2389 contumeliae:
1013 2333 1047 2388 nt
1129 2319 1131 2324 ⁵

173 2413 261 2486 tacite
284 2435 431 2500 appareat,
447 2424 533 2486 Atrei
556 2429 631 2487 titios
653 2447 728 2499 csse,
742 2429 813 2502 ejus,
827 2431 876 2506 qui
890 2430 1046 2488 meditatur

172 2543 300 2601 poenam
315 2527 345 2584 in
356 2527 471 2584 fratrem
483 2543 600 2585 novam.

291 2681 372 2738 Maior
381 2679 434 2728 mihi
446 2681 523 2737 moles,
534 2682 604 2739 maius
614 2681 750 2729 miscendum
760 2681 854 2740 malurn,

291 2759 337 2811 Qui
346 2759 407 2806 illius
417 2758 520 2806 acerbum
529 2774 570 2805 cor
579 2761 714 2807 contundam
724 2771 748 2807 et
758 2760 912 2820 comprimam.

165 2917 193 2952 '⁹
205 2919 289 2990 Quae
308 2918 396 2994 igitur
422 2919 478 2978 hac
509 2923 594 2977 erunt
627 2915 743 2978 moissi
775 2917 844 2978 audi
878 2919 1046 2996 Thyestem

173 3017 292 3093 ipsum:

203 3183 223 3216 ¹⁸
238 3182 346 3243 injurios,
357 3183 412 3246 etc]
427 3181 562 3230 e'l'erentio
572 3183 630 3232 Eun.
642 3184 658 3231 l.
670 3186 689 3232 1.
703 3187 738 3232 tt.

174 3263 224 3368 ὦ
238 3262 280 3364 ipa
296 3277 310 3310 υ
328 3277 391 3323 pras,
401 3263 529 3326 quamdin]
563 3264 640 3312 Placet
651 3262 747 3322 Bentleii
758 3260 880 3310 correctio:
896 3261 938 3310 Ira
956 3277 978 3312 s.
994 3277 1047 3312 ιω

218 3355 224 3376 ,
235 3337 248 3367 e
259 3337 279 3368 c.

203 3400 227 3433 ²⁰
241 3399 304 3452 Quae
313 3399 329 3446 i.
341 3400 361 3445 t.
375 3400 536 3463 eructantes]
568 3401 682 3459 Benttejrrr
693 3401 798 3472 corrigit:
815 3403 866 3454 ero
882 3399 892 3446 i
909 3399 961 3448 icet
971 3400 1046 3460 amnt

174 3459 263 3504 rrrnlrre
275 3459 319 3504 Ms.
342 3459 388 3504 rar.
401 3464 421 3506 2.
434 3459 518 3518 recepit
536 3466 560 3504 et
572 3461 714 3510 Alerrnnuus.
726 3475 777 3521 qura
790 3467 813 3504 et
833 3459 890 3506 Mn.
902 3460 956 3518 regii
976 3475 1017 3522 prro
1026 3459 1043 3509 i.

174 3513 226 3560 iaec
235 3517 295 3564 cruit
313 3519 384 3564 molar.
418 3517 468 3576 Ego
485 3518 591 3574 legerim:
607 3533 663 3581 puna
676 3519 811 3582 igitwlcw
825 3525 874 3574 erat
890 3521 962 3572 ucles.
993 3519 1042 3578 Mu

175 3571 250 3624 Gnelt.
261 3575 442 3638 wiciturlcsc
452 3581 528 3627 cnrrrt
536 3578 611 3627 nnlrr.
