2552 4208
209 291 270 354 ης
439 284 573 336 weron
593 285 835 354 arumnorum

205 438 299 513 puteat
308 454 321 491 r
337 448 412 510 quaa
433 441 476 492 eat
491 435 680 494 immoderata
693 437 835 513 appetitio
847 434 960 510 opinati
973 437 1075 516 magui

204 534 285 602 boui,
299 533 403 591 rationi
426 551 483 592 non
507 537 719 610 obtemperant.
762 537 841 612 Ergo
854 538 926 596 lrueo
947 539 1006 596 duo
1025 553 1075 612 ga·

204 651 285 701 nera,
299 635 433 706 voluptas
445 633 584 707 gestiens,
598 640 629 692 et
655 635 756 702 libido,
781 637 920 694 bonorum
933 635 1076 710 opinione

205 727 364 796 turbantur,
378 738 408 790 ut
423 734 480 790 duo
500 732 619 808 reliqua,
640 738 733 792 metue
757 739 787 792 et
811 735 970 808 aegritudo,
985 735 1075 794 malo·

204 849 275 891 rum.
288 849 356 890 nam
371 835 400 890 et
414 841 517 898 metue,
530 831 631 906 opinio
645 831 743 908 magni
767 832 837 892 mali
857 831 1074 906 impendentiap

203 937 234 992 et
257 931 417 1005 aegritudo,
443 936 488 988 eat
511 931 613 1005 opinio
636 931 735 1006 magni
755 931 824 990 mali
838 931 1021 1005 praesentia:
1042 933 1075 990 et

203 1031 318 1108 quidem
332 1047 435 1088 reoena
448 1028 551 1102 opinio
565 1031 631 1086 talia
652 1031 731 1097 mali,
745 1036 776 1088 ut
800 1029 831 1087 in
846 1047 884 1087 eo
903 1037 1014 1088 reatum
1031 1028 1073 1090 vi·

202 1131 304 1190 deatur
323 1147 388 1188 erae
411 1129 496 1204 augi:
517 1129 547 1186 id
572 1134 669 1188 autem
697 1134 752 1197 eat,
778 1133 810 1188 ut
834 1129 869 1196 ia,
890 1129 939 1204 qui
964 1130 1074 1198 doleat,

202 1237 335 1304 oportere
350 1229 485 1303 opinetur
508 1245 540 1285 ee
560 1229 668 1286 dolere.
683 1228 728 1284 hia
742 1233 838 1286 autem
854 1225 1074 1302 perturbationi·

202 1331 268 1394 uus,
292 1345 363 1402 quaa
382 1326 446 1386 “iu
461 1327 552 1386 vitam
575 1328 724 1384 homiuum
748 1325 870 1385 stultitia
891 1325 973 1404 quari
991 1343 1074 1402 quau·

204 1427 271 1486 dam
299 1427 387 1485 iuriae
414 1425 545 1484 immittit
569 1433 655 1502 atque
675 1425 789 1493 inuitat,
808 1426 942 1484 omuibua
962 1425 1073 1484 ririhua

188 1531 290 1602 ‚atque
303 1525 406 1599 opibur
420 1526 638 1599 repugnandum
651 1529 706 1593 eat,
719 1525 757 1586 ei.
766 1527 897 1584 volumus
911 1526 976 1591 hoo,
996 1524 1074 1601 quod

203 1626 303 1684 datum
329 1631 374 1684 eat
406 1625 496 1692 vitae,
523 1624 679 1700 tranquille
712 1625 884 1700 placideque
914 1626 1073 1684 traducere.

203 1722 224 1758 ⁴⁷
236 1726 288 1782 aed
302 1730 415 1783 oeteraa
429 1726 517 1782 aliar:
540 1741 617 1783 nuno
637 1723 849 1798 aegritudinem
869 1721 894 1781 ai
914 1739 1073 1798 ponuntur,

203 1821 394 1896 depellamus.
424 1821 445 1854 ‘⁸
459 1823 488 1879 id
512 1821 592 1880 enim
616 1821 655 1879 ait
679 1823 877 1895 proponitum:
897 1822 1074 1898 quandoqui-

204 1923 272 1982 dem
296 1940 360 1980 eam
377 1926 407 1978 tu
422 1921 515 1980 videri
530 1919 583 1978 tibi
597 1919 627 1978 in
649 1920 812 1994 eapientem
835 1922 941 1981 eadere
961 1920 1076 1981 uixisti.-

205 2023 281 2097 quod
296 2039 351 2096 ego
365 2021 446 2078 nullo
468 2021 554 2076 ruodo
567 2019 720 2080 existimo:
742 2026 835 2079 taetra
855 2021 936 2080 euim
950 2040 995 2079 rea
1017 2025 1072 2091 eat,

124 2167 126 2169 -
205 2120 321 2188 mirera,
344 2118 534 2186 detestabilia,
554 2120 635 2178 omni
658 2120 861 2206 contentione,
882 2123 966 2188 velia,
980 2127 1010 2180 ut
1031 2123 1074 2182 ite

156 2229 195 2290 12
206 2221 311 2285 diuum,
326 2219 467 2293 remisque
481 2217 624 2292 fugienda
667 2219 770 2292 Qualia
783 2220 863 2280 euim
886 2221 939 2278 tibi
959 2221 1010 2280 ille
1031 2219 1074 2280 vl·

205 2321 290 2378 detur
308 2317 470 2376 ”Tantulo
484 2323 649 2393 prognatus,
663 2319 774 2394 Pelope
798 2326 893 2388 natur,
915 2321 963 2394 qui
984 2337 1073 2395 quon·

205 2420 272 2478 dam
293 2436 310 2475 a
334 2435 436 2475 aooero
462 2418 613 2476 Oenomao
640 2435 708 2493 rege
737 2419 963 2493 Hippodamiam
991 2424 1074 2493 raptu

205 2523 309 2578 naotue
333 2515 463 2591 nuptiis?
483 2517 570 2574 duvia
590 2517 645 2574 iate
669 2518 786 2592 quidem
808 2536 961 2594 pronepus,
974 2525 1073 2578 tumne

204 2636 273 2694 ergo
286 2617 425 2692 abjeotua,
440 2623 555 2691 tamque
568 2615 697 2676 tractus?

204 2781 291 2888 :pinon
302 2781 360 2828 hune
369 2780 441 2828 locum
451 2780 625 2842 transpositione
634 2779 665 2828 aie
675 2779 761 2839 refingit
771 2799 776 2825 e
793 2781 871 2834 ultera
885 2795 940 2840 quar
950 2786 981 2828 ert
997 2781 1072 2829 imore

233 2847 280 2887 ruta
295 2840 396 2896 appetitio
406 2839 492 2895 opimtr‘
507 2840 655 2899 negationi,
674 2841 757 2888 maort
765 2854 811 2886 nora
824 2840 979 2898 attemperata,
990 2843 1024 2888 eet
1034 2855 1072 2889 rae

201 2901 284 2962 piditas
293 2905 349 2946 recle
358 2900 393 2945 ael
400 2899 468 2944 libido
477 2899 524 2945 dici
530 2903 603 2956 puteat.

234 2979 256 3010 ⁴⁰
270 2979 297 3025 io
307 2980 351 3025 uita
361 3005 369 3012 -
379 3004 388 3012 ·
397 2977 497 3038 immitit]
516 2979 542 3025 in
550 2979 618 3025 ultum
628 2977 719 3038 corripit
728 2977 839 3026 Davisius.
872 2977 981 3026 Buheriua
996 2979 1072 3028 deleo·

205 3037 239 3085 dit
255 3038 384 3096 vulgarunt
401 3037 576 3084 nonraoebene.

170 3181 172 3187 Ι
229 3116 257 3221 ‘⁴⁷
271 3114 407 3177 aedretrror]
424 3114 464 3161 int.
483 3115 670 3176 perturbationes.
700 3115 739 3164 Sir
752 3117 804 3164 edd.
815 3121 871 3164 vett.
882 3125 933 3179 port
943 3117 1073 3166 editumert

206 3188 283 3223 erem.

235 3255 256 3288 ⁴¹⁸
270 3255 296 3301 a'd
306 3254 365 3302 enim
374 3253 563 3316 adproperatum]
596 3253 699 3302 Daviaiua
709 3256 805 3303 oorrexit
815 3255 876 3316 fuit.
908 3257 952 3303 Sed
963 3260 987 3302 et
996 3255 1073 3316 vulga·

206 3319 253 3362 tum
265 3314 322 3360 bene
333 3314 407 3361 habet.

206 3449 214 3463 '
236 3393 259 3425 ⁴⁰
274 3393 368 3461 Tantalo
382 3397 541 3451 pragmatu-
555 3391 649 3456 nupto]
674 3393 730 3443 haee
749 3393 853 3446 ridentur
871 3409 885 3443 e
902 3398 974 3459 po'e’ta
991 3399 1076 3446 aurata

207 3453 340 3513 ratelugttnr
350 3453 468 3512 'strpeatea
