2548 4208
267 333 333 400 204
454 327 457 336 “
503 311 639 374 tuscula
656 317 900 376 consutoribus

267 477 306 536 od
320 473 393 533 allos
414 477 506 532 motus
518 469 804 548 perturbationesque
818 469 983 546 proclivior.
997 464 1148 532 invetera-
1237 503 1241 508 ·

268 572 311 632 tio
334 579 483 641 autemut
499 574 530 630 in
550 573 716 645 corporibus
739 571 852 646 aegrius
866 572 1030 644 depellitur,
1057 589 1148 646 quam

268 673 465 748 perturbatio:
500 672 643 746 citiusque
671 670 839 744 repentinus
866 673 1016 728 oculorum
1048 675 1147 730 tumor

268 777 396 839 sonetur,
410 789 495 844 quam
509 772 644 828 diuturno
655 770 798 842 lippitudo
812 769 977 843 depellitur.

215 869 256 934 88
311 871 370 929 Sed
385 871 501 945 cognitu
508 870 572 942 jam
586 887 673 926 causa
686 871 942 942 perturbationum,
953 885 1027 944 quae
1040 884 1145 926 omnes

266 970 397 1030 oriuntur
421 989 459 1027 ex
481 969 604 1042 judiciis
628 967 798 1042 opinionum
824 975 853 1025 et
874 969 1082 1034 voluntatibus,
1103 967 1144 1026 sil

257 1069 325 1146 jam
339 1070 422 1144 hujus
443 1069 650 1140 disputationis
676 1069 785 1128 mintius.
827 1066 944 1124 ”Scire
967 1073 1064 1123 autem
1089 1083 1143 1124 vos

265 1176 389 1244 oportet,
402 1167 538 1242 cognitis,
559 1167 653 1241 aaroni
669 1173 788 1238 possunt
802 1169 839 1222 ab
861 1167 979 1222 homine
992 1165 1141 1238 cognosci,

266 1269 406 1326 bonorum
431 1272 461 1324 et
490 1269 629 1323 malorum
659 1265 772 1333 tinibus,
794 1267 865 1322 nihil
886 1264 934 1320 ”a
959 1264 1143 1338 philosophia

266 1373 412 1442 posonem
428 1367 527 1440 majus,
540 1371 588 1420 out
610 1366 709 1422 utilius
720 1366 822 1439 optari,
834 1382 919 1440 quom
935 1366 1017 1430 haec,
1030 1380 1104 1438 quae
1123 1381 1144 1422 a

215 1452 220 1462 ¹
267 1465 425 1526 nobishoc
445 1466 596 1539 quatriduo
608 1465 753 1535 disputata
769 1472 844 1521 sunt.
861 1471 951 1522 morte
973 1465 1053 1521 enim
1073 1480 1143 1520 con·

267 1570 369 1633 ternis,
388 1571 417 1622 et
440 1567 540 1622 dolore
564 1565 601 1620 att
628 1564 796 1638 patiendum
823 1565 932 1628 levato,
956 1563 1143 1635 adjunximus

267 1666 448 1723 sedationem
470 1665 677 1739 aegritudinis:
699 1679 755 1737 qua
777 1665 887 1719 nullum
909 1663 1019 1719 homini
1034 1663 1143 1720 melum

267 1765 360 1837 majus
380 1771 433 1820 est.
448 1765 504 1820 etsi
518 1764 596 1821 enim
617 1765 713 1820 omnis
735 1761 824 1820 animi
854 1762 1029 1835 perturbatio
1042 1761 1143 1836 gravis

267 1869 322 1927 est,
350 1880 406 1920 nec
433 1865 554 1919 multum
579 1862 673 1920 differt
694 1864 732 1919 ab
761 1862 909 1918 amentis:
940 1859 1068 1918 ³⁰tamen
1100 1860 1144 1917 its
1254 1913 1255 1922 ,

268 1966 390 2028 ceteros,
404 1979 470 2017 cum
485 1961 542 2018 sint
557 1961 588 2018 in
615 1963 711 2036 aliqua
734 1963 950 2036 perturbatione
975 1967 1025 2018 aut
1039 1964 1143 2028 metus,

225 2137 226 2141 Ἰ
268 2053 319 2122 aut
334 2063 472 2126 laetitiae.
486 2068 536 2118 out
547 2063 725 2136 cupiditatis,
748 2069 909 2122 commotos
935 2064 1022 2120 morlo
1034 2067 1066 2118 et
1080 2079 1143 2134 per·
1248 2052 1253 2066 ⁸

269 2163 397 2220 turbatos
421 2163 519 2218 dicere
537 2164 683 2220 solemus:
703 2169 734 2220 at
754 2181 813 2228 eus,
833 2163 882 2237 qui
909 2180 941 2219 se
964 2159 1143 2234 aegritudini

267 2260 450 2325 dediderunt,
471 2260 599 2326 miseros,
619 2261 752 2326 afflictos,
772 2277 967 2327 aerumnosos,
990 2260 1143 2317 calamito-

268 2377 325 2418 sos.
369 2361 467 2434 ltaque
483 2379 539 2418 non
567 2360 685 2417 fortuito
709 2361 817 2418 lactum
841 2361 965 2429 videtur,
991 2361 1043 2418 sed
1068 2376 1085 2417 a
1111 2364 1142 2416 to

197 2491 201 2497 ·
268 2459 381 2518 ratione
405 2462 588 2533 propositum,
612 2467 643 2517 ut
665 2461 820 2532 separatim
842 2461 879 2516 de
903 2459 1095 2540 aegritudine,
1110 2463 1143 2515 ct
1254 2489 1255 2498 κ

267 2559 433 2618 decoloris
462 2561 723 2634 perturbationibus
748 2559 967 2632 disputaremus,
992 2559 1023 2616 in
1047 2561 1142 2616 eaesi

268 2661 348 2718 onim
362 2662 425 2716 lons
448 2660 625 2716 miseriarum
639 2667 668 2714 el
683 2665 780 2732 caput.
824 2660 882 2716 Sed
898 2663 929 2716 et
942 2657 1142 2732 aegritudinis,

268 2765 300 2818 ot
313 2761 486 2835 reliquorum
501 2761 590 2815 animi
611 2762 774 2816 morborum
790 2776 847 2822 una
861 2757 976 2815 sanatio
996 2765 1061 2815 est:
1082 2773 1145 2814 om·

267 2876 321 2918 nes
334 2860 496 2933 opinabiles
523 2877 586 2915 esse
599 2865 629 2916 et
645 2860 833 2924 voluntarios,
858 2875 892 2914 ea
918 2875 1004 2931 reque
1025 2855 1142 2928 suscipi,

268 2960 343 3034 quod
359 2961 399 3016 ita
414 2967 522 3015 rectum
542 2976 604 3013 esse
621 2959 761 3034 virleatur.
804 2959 892 3016 Hunc
911 2973 1045 3021 errorem,
1059 2953 1143 3028 quasi

211 3044 214 3050 ¹
268 3058 397 3140 radicem
418 3059 556 3115 malorum
583 3057 722 3126 omnium,
750 3057 877 3132 stirpitus
905 3053 1088 3129 philosophia
1105 3071 1142 3115 se

268 3267 277 3316 1
299 3212 323 3246 ²⁷
337 3211 400 3258 Scire
409 3216 484 3258 uadem
501 3223 537 3256 uos
554 3210 652 3272 oporiet]
687 3211 788 3258 Davisius
797 3210 894 3258 correxit
905 3226 951 3259 nor.
964 3225 1006 3270 ego
1016 3210 1092 3258 malim
1102 3209 1143 3256 ds·

278 3285 365 3316 ereoor.

297 3347 321 3382 ²⁸
335 3363 349 3392 o
358 3345 505 3404 philosophia·
517 3371 527 3380 ·
537 3347 615 3407 optari]
633 3363 743 3407 nunquam
754 3349 807 3394 mihi
823 3349 858 3394 hic
868 3349 961 3395 verbum
971 3348 1042 3408 cplon'
1057 3323 1143 3409 placuit

268 3405 330 3452 satis.
348 3406 458 3467 requiram
470 3404 560 3450 averbun
572 3406 672 3466 aliquod.
685 3407 767 3468 qualia,
779 3405 906 3465 cuspeclori.
913 3409 1029 3464 praestari.

298 3483 320 3514 ²⁹
335 3490 406 3530 temen
420 3484 451 3528 ila
463 3485 550 3544 toleror]
567 3484 598 3528 ila
609 3485 644 3530 hic
654 3487 752 3532 offendit.
771 3487 848 3546 itaque
860 3487 980 3531 Larrdnnns
996 3485 1065 3532 deleri
1078 3483 1142 3530 voiu-

239 3599 247 3610 ·
268 3539 310 3587 its
323 3541 424 3588 Davisius
434 3545 513 3600 corripi
530 3544 707 3590 voluitnltomcn
718 3552 813 3603 τείποις
842 3547 957 3608 quodnon
976 3545 1059 3606 ploret.
1091 3543 1143 3602 Ego

269 3605 365 3661 mem,
375 3603 412 3648 sed
423 3609 473 3662 post
480 3618 523 3664 pro
531 3612 597 3651 otcvs
608 3605 680 3664 legam
691 3609 716 3652 ol
724 3618 764 3651 sor.
