2548 4208
236 331 299 395 190
468 317 606 372 rumen.
622 307 866 374 eumenum

234 473 327 533 iibido
353 469 538 546 eupiditaare
566 471 614 540 ait,
640 488 701 530 non
728 469 902 532 libidinosae
925 475 955 530 et
982 461 1110 546 eupidun

233 570 323 631 aare?
342 572 374 630 in
395 573 518 647 quoire,
531 589 590 629 nnn
610 569 789 630 iraeundua?
809 570 840 628 in
855 587 1025 646 queangnn
1046 589 1106 634 nnn

234 670 361 732 aurine?
379 673 411 730 iu
434 688 491 747 quo
505 672 600 738 timor,
622 689 680 730 non
693 671 810 730 timidae
824 668 836 729 t
851 670 1038 731 libidinoaum
1052 671 1109 746 igi

234 775 289 838 tur,
300 777 329 830 et
343 771 489 846 cupidum,
504 775 533 827 et
548 757 728 836 iracundum,
742 775 771 828 et
782 770 913 837 annium,
926 775 956 828 et
971 771 1106 831 timidum

234 887 386 928 censemus
399 887 463 926 eaae
474 865 657 942 eapientem?
677 870 714 926 de
729 869 811 944 nujru
823 869 1001 926 excellentia
1016 873 1108 927 muita

233 969 349 1046 quidem
363 969 424 1027 dini
445 969 578 1044 quamvis
601 968 664 1025 tuae
679 969 794 1042 iateque
819 967 949 1040 pnaaint3
980 969 1032 1024 aed
1046 970 1108 1025 bre·

233 1067 354 1127 viaaime
367 1068 420 1126 'uto
433 1070 529 1134 medo,
543 1066 720 1140 sapientiam
734 1074 807 1124 'eane
822 1081 916 1124 rerum
930 1063 1106 1134 diuinarum,

233 1172 265 1225 et
277 1169 467 1224 humanarum
489 1166 653 1233 seientiam,
675 1166 945 1240 cognitionemque,
966 1182 1040 1239 quae
1058 1181 1107 1226 eu·

216 1251 333 1342 ‘janque
347 1266 389 1324 rei
403 1283 491 1323 eauaa
504 1266 551 1322 ait.
565 1283 604 1322 ex
618 1265 821 1339 benedicitur,
835 1271 865 1324 ut
886 1265 991 1324 divina
1010 1265 1105 1322 inrite-

233 1370 288 1431 tur,
302 1366 429 1422 bumana
442 1365 541 1422 onnia
561 1365 698 1422 interiora
711 1364 819 1422 virtute
834 1366 931 1424 dueat-
974 1365 1009 1422 ln
1026 1365 1103 1426 hane

232 1458 375 1537 inigitur,
390 1471 536 1539 tamquam
550 1463 581 1522 in
602 1483 691 1532 mare,
711 1465 787 1540 qaod
808 1449 853 1522 eat
873 1464 973 1522 reatin
995 1463 1106 1538 subjee-

233 1565 304 1632 nm,
318 1564 563 1638 perturbationem
576 1567 684 1623 eadere
698 1563 752 1622 tibi
771 1563 876 1622 dixisti
901 1560 1019 1622 videri?
1038 1563 1107 1638 quid

232 1669 287 1732 eat,
309 1665 385 1739 quod
399 1670 509 1722 tantam
532 1665 707 1738 grauitatem
726 1662 977 1737 constantiamque
999 1670 1106 1735 pertur-

231 1759 304 1820 bet?
322 1781 361 1822 an
381 1763 572 1836 improvisum
595 1763 715 1836 atiquid‚
739 1768 788 1820 aut
810 1759 1016 1833 repentinum?
1036 1760 1105 1836 quid

231 1865 329 1936 pateat
342 1863 478 1918 aenidere
489 1864 558 1928 tate,
569 1866 599 1918 et
612 1861 661 1918 eui
675 1859 760 1926 nihii,
773 1861 849 1934 quod
861 1861 972 1920 bomini
983 1861 1104 1920 evenire

232 1957 350 2033 poerit?
379 1960 457 2017 Narn
479 1961 555 2034 quod
582 1959 675 2032 ajunt,
696 1957 788 2016 nimie
812 1960 938 2042 reaeenri
960 1967 1104 2033 oportere.

138 2113 139 2117 ,
231 2057 377 2115 naturalia
390 2057 533 2131 relinqui:
553 2058 622 2132 quid
637 2057 755 2116 tandem
775 2063 871 2131 puteat
884 2076 948 2116 erae
963 2061 1105 2128 naturaie,

232 2155 308 2230 quod
322 2155 400 2212 idem
414 2156 536 2214 nimium
550 2172 614 2214 ente
629 2153 745 2228 poenit?
761 2161 829 2215 eunt
839 2157 919 2216 enirn
934 2158 1034 2216 omnia
1047 2157 1105 2219 into

231 2271 272 2314 ex
305 2269 431 2312 enorum
467 2259 530 2310 orta
564 2251 718 2313 radinibna.
770 2243 853 2328 Quae
888 2257 1046 2314 evellenda
1073 2259 1105 2314 et

230 2353 412 2412 extrahenda
431 2352 556 2427 penitus,
578 2371 637 2412 nnn
659 2353 904 2424 oirnumnidenda,
924 2373 981 2414 neu
1000 2372 1099 2430 ampu-

232 2454 322 2514 tanda
335 2457 411 2510 aunt.

178 2545 221 2612 27
274 2553 333 2610 Sed
353 2552 489 2628 quoniam
516 2552 790 2627 auspicantem
814 2557 875 2612 tam
900 2553 937 2611 de
962 2552 1105 2626 sapiente,

231 2653 374 2728 quamde
396 2658 424 2710 te
447 2652 511 2724 ipao
533 2668 671 2726 quaerere
692 2651 789 2728 (iilum
810 2653 888 2710 enirn
914 2658 996 2725 putaa
1021 2649 1103 2708 omni

230 2751 447 2834 perturbatione
460 2768 525 2808 eoae
537 2752 667 2817 liberum,
680 2757 708 2808 te
721 2751 781 2828 via)
792 2749 814 2782 ⁰⁹
824 2752 983 2815 videamus,
995 2755 1104 2824 quanta

231 2835 301 2919 diat,
321 2869 395 2926 quae
416 2867 435 2908 a
456 2851 640 2924 phiioeophia
663 2851 791 2907 remedia
813 2849 919 2906 morbis
940 2844 1102 2908 minimum

232 2950 433 3010 adhibeantur.
447 2956 492 3008 eat
507 2950 587 3008 enirn
599 2951 740 3023 quaedam
766 2947 912 3007 medioiua
926 2956 1025 3007 uerte:
1047 2962 1104 3006 neo

231 3053 292 3110 mm
321 3047 375 3106 tuit
401 3038 552 3106 hominurn
585 3047 686 3120 generi
713 3047 838 3116 intensa,
867 3055 954 3123 atque
983 3047 1105 3106 inimtea

230 3153 343 3214 natura,
359 3151 388 3204 ut
402 3148 570 3220 corporibus
585 3149 627 3200 tot
642 3161 687 3200 rea
705 3149 852 3218 satutarea,
868 3147 973 3205 animia
994 3147 1105 3204 nuttam

230 3245 387 3304 invenerit.
431 3245 479 3302 De
498 3245 599 3319 quibus
623 3244 678 3300 hon
699 3243 847 3318 eiiameat
872 3247 975 3304 merita
990 3243 1107 3312 metina,

231 3347 306 3418 qrrod
334 3359 486 3415 amporam
512 3344 679 3417 natjumanta
706 3345 881 3402 adhibentur
907 3342 1102 3414 extrinsecae,

231 3443 392 3500 annnorum
413 3444 489 3500 salua
510 3441 622 3501 hainau
646 3443 677 3500 in
700 3445 745 3500 hia
767 3441 837 3514 ipsis
858 3447 912 3498 eat.
955 3437 1017 3500 Sed
1040 3457 1098 3520 quo

261 3591 283 3627 ⁹⁰
298 3591 419 3658 fidamus,
429 3597 583 3662 quantaene]
614 3579 720 3649 Daviaiua
733 3600 817 3662 puato
827 3598 973 3662 nequeant.
