2548 4208
475 337 577 392 ursus
595 337 748 393 omnrns.
971 345 1037 410 ,ῃ

166 489 286 555 amittit
327 491 403 552 nihii
430 491 511 550 enim
533 492 753 559 intererescese,
777 488 851 551 nihil
879 491 1039 568 exstingui,

164 596 240 656 nihii
265 595 371 654 cadere
386 593 473 650 debet
488 581 597 660 eorum,
620 591 767 666 inquibus
789 591 851 650 vitu
867 593 952 652 beata
968 573 1038 653 con·

165 694 253 755 sistit.
276 712 342 752 nam
367 695 416 768 qui
442 691 566 760 timebit,
589 711 626 750 ne
652 695 721 768 qnid
748 711 788 752 ex
816 693 862 752 his
888 695 1038 768 deperdat,
1089 707 1093 716 ’

165 795 269 854 beatus
293 810 431 851 essenon
456 793 570 866 poterit.
611 793 755 853 Volumus
777 794 866 862 enim,
889 810 965 862 eum,
989 793 1039 870 qui

165 895 270 954 beatus
284 893 331 960 sit,
345 898 436 950 tutum
450 910 524 962 esse,
538 894 807 968 inexpugnabilem,
817 897 930 966 septum
950 899 1037 966 atque

167 993 326 1063 munitum3
349 1011 405 1051 non
427 999 458 1052 ut
473 1012 564 1068 parvo
587 1001 664 1052 metu
692 994 838 1068 praeditus
859 994 909 1061 sit,
931 993 983 1049 sed
1008 995 1041 1049 ut

166 1095 258 1154 unito
299 1093 339 1150 Ut
354 1095 431 1150 enirn
452 1096 595 1176 innocens
610 1095 635 1153 is
659 1094 775 1163 dicitur,
789 1110 849 1151 nou
863 1091 913 1168 qui
934 1091 1042 1150 leviter

167 1197 267 1261 uocet,
280 1193 331 1249 sed
346 1193 394 1266 qui
406 1175 482 1251 nihii
493 1199 596 1252 nocet:
617 1195 661 1252 sic
677 1194 741 1251 sine
756 1193 874 1251 metuis
889 1191 1041 1268 habendus

93 1337 94 1340 ,
167 1298 224 1360 est,
248 1290 338 1350 “nnn
353 1293 402 1366 qui
425 1311 523 1365 parum
538 1295 650 1361 metuit,
670 1295 723 1352 sed
748 1293 798 1369 qui
820 1294 941 1350 omnino
961 1296 1041 1351 metu

151 1395 267 1450 'vacat
287 1409 361 1466 quae
375 1398 421 1448 est
434 1393 513 1450 enirn
538 1395 597 1450 atta
618 1394 765 1459 tortitudo,
778 1392 836 1450 nisi
850 1392 942 1451 animi
955 1393 1041 1451 affec·

168 1490 212 1548 tio
230 1509 296 1548 cum
307 1493 337 1548 in
363 1491 497 1566 adeundo
520 1493 659 1565 periculo,
673 1498 704 1550 et
717 1493 748 1549 in
771 1494 868 1550 tabore
883 1509 918 1550 ac
941 1493 1041 1548 dolore

169 1591 296 1668 patiens,
321 1598 382 1646 turn
406 1591 504 1662 procui
529 1593 567 1646 ab
590 1573 671 1648 omni
699 1588 805 1648 metu?
840 1593 938 1663 Atque
967 1589 1042 1650 haec

168 1695 251 1748 certe
266 1707 324 1746 non
347 1690 389 1746 ita
402 1707 434 1746 se
453 1689 604 1756 haberent,
627 1689 683 1746 nIsi
697 1705 784 1746 omne
808 1690 915 1746 bonum
939 1687 970 1746 iu
984 1704 1043 1746 una

169 1789 324 1848 honestate
357 1789 540 1847 consisteret.
583 1788 643 1860 Qui
676 1793 775 1845 autem
807 1788 888 1847 ittam
915 1787 1043 1846 maxime

167 1894 300 1964 optatam
314 1894 344 1945 et
358 1888 518 1960 expetitam
527 1887 715 1946 securitatem
730 1885 929 1966 (securitatem
944 1894 1042 1947 autem

166 2005 248 2048 nunc
271 1990 397 2062 appetto,
418 1988 603 2046 vacuitatem.
620 1988 820 2064 aegritudinis,
845 1989 877 2046 in
897 2006 954 2064 qus
979 1987 1042 2046 vitu

170 2091 258 2149 beata
279 2090 373 2164 posits
398 2086 457 2168 est)
481 2090 588 2146 hahere
613 2089 762 2165 quisquam
791 2094 897 2163 potest,
917 2089 966 2148 cui
991 2093 1041 2148 sut

170 2190 257 2257 adsit,
281 2194 331 2247 ant
356 2191 457 2246 adesse
486 2189 576 2264 possit
602 2191 758 2248 multitudo
784 2186 948 2248 matorum?
992 2187 1043 2264 qui

169 2297 268 2350 autem
294 2289 400 2361 poterit
426 2306 491 2346 esse
514 2292 621 2357 celsus,
644 2295 676 2347 et
703 2296 826 2358 erectus,
848 2295 878 2348 et
900 2307 944 2358 ea,
967 2305 1041 2364 quse

170 2387 429 2446 homininccidere
445 2396 573 2460 possunt,
597 2389 696 2446 omnin
721 2407 811 2462 parva
832 2391 952 2457 ducens,
975 2403 1042 2463 qua·

171 2487 232 2543 iem
251 2484 413 2556 sapientem
434 2503 498 2541 esse
522 2487 663 2553 volumus,
684 2484 740 2543 nisi
762 2487 860 2544 omnin
881 2486 937 2544 sibi
957 2486 1041 2544 inse

171 2583 267 2660 posits
288 2579 445 2640 censebit?
467 2583 516 2641 rin
530 2583 768 2650 Lacedaemonii,
781 2581 946 2657 ⁴⁷Phiiippo
959 2584 1042 2642 mini·

172 2688 256 2742 tante
270 2700 322 2756 per
335 2683 456 2750 litteras,
476 2699 508 2740 se
522 2683 631 2750 omnia,
644 2701 717 2757 quae
741 2688 925 2752 conarentur,
946 2684 1042 2756 prohi-

77 2859 84 2866 ⁶
172 2784 309 2850 biturnm,
333 2783 549 2857 quaesiverunt,
584 2785 662 2839 num·
678 2801 711 2839 se
746 2787 824 2840 esset
851 2783 941 2840 etiarn
969 2781 1042 2838 mori

173 2881 385 2958 prohibiturus:
421 2881 466 2937 vir
490 2881 525 2950 is,
554 2898 640 2955 quem
667 2880 840 2956 quaerimus,
865 2899 923 2939 non
951 2883 1043 2938 mutto

173 2981 288 3040 facilius
304 2981 357 3039 tati
371 2981 468 3038 auimo
483 2980 650 3054 reperietur,
663 2997 750 3054 quam
763 2980 869 3038 civitas
883 2977 1043 3038 universa?

70 3116 72 3120 ·
173 3079 267 3156 quid?
286 3082 323 3138 sd
343 3082 419 3139 hano
434 3081 641 3150 tortitudinem,
661 3083 698 3138 de
722 3099 779 3158 qua
800 3081 950 3156 loquimur,
972 3086 1043 3138 tem·

173 3180 306 3257 perantia
320 3181 468 3254 adjuncta,
482 3199 556 3257 quse
574 3181 612 3240 sit
627 3180 803 3240 moderatrix
823 3181 952 3238 omniurn
966 3197 1043 3238 com·

173 3281 343 3350 nodosum,
357 3281 426 3359 quid
442 3287 536 3356 potest
550 3284 587 3340 ad
602 3285 687 3341 beate
701 3281 863 3340 vivendum
883 3284 985 3340 deesse
1005 3281 1044 3348 ei,

205 3434 227 3470 *θ
241 3450 286 3506 non
294 3436 334 3497 ons·
349 3451 419 3508 nam
429 3437 525 3499 metuit]
557 3437 618 3485 Bene
628 3437 740 3497 Davisius,
750 3453 764 3486 e
774 3437 832 3486 Mss.
841 3451 932 3496 purum,
942 3438 977 3486 cci
987 3437 1043 3488 bens

176 3503 295 3556 opponitur
303 3511 394 3544 omnum
403 3512 432 3544 sn.
444 3502 513 3544 noent.

207 3573 230 3607 ⁴⁷
246 3574 349 3631 Philippo
365 3576 504 3636 minitante]
536 3575 574 3622 Sic
589 3575 646 3622 bene
655 3591 696 3635 pro
705 3577 797 3640 vulgato
806 3576 930 3627 miattmn'
940 3578 959 3628 ti
968 3585 1046 3640 tequd·

176 3631 239 3680 tetur
246 3635 413 3696 sonusdmtnt,
424 3637 539 3694 vulgatum
547 3639 632 3706 rectum
641 3641 707 3685 esset.
