2548 4208
466 291 752 349 n‘rrrnreomrmus.¹
969 303 1033 366 225

163 465 258 510 errore
271 451 429 523 eoguntur:
450 446 520 504 huie
534 445 646 520 optime
664 441 789 503 vivendi
802 443 876 504 ratio
886 460 1035 520 eompara-

163 552 194 605 te
204 552 259 606 eet.
300 545 360 605 Hie
371 550 417 602 eet
426 544 477 602 iiie
492 545 665 610 moderetur,
680 543 731 602 hie
742 544 832 610 tortio,
846 546 894 602 hio
908 545 1035 617 sepiem,

161 647 222 714 hio,
244 650 275 702 et
289 643 487 711 noscentibus,
501 648 532 701 et
554 643 726 701 cedentibus
740 659 807 700 oum
827 643 943 720 reliquie
956 659 1036 702 eom-

162 743 267 812 modie,
281 748 343 800 tum
355 742 485 800 maxime
499 741 607 812 liberis,
631 743 745 818 parebit
763 747 795 802 et
817 743 936 802 obediet
953 759 1035 819 pree·

164 846 254 918 cepto
267 840 312 898 ini
326 840 439 900 veteri:

253 994 334 1056 Neque
343 993 401 1042 enim
411 993 533 1043 laetabitur
542 1009 654 1059 umquam,
666 1009 707 1043 nee
718 993 830 1043 moerebit
843 993 918 1054 nimir,

251 1073 320 1125 Quod
329 1087 415 1137 semper
425 1073 448 1124 in
457 1089 481 1122 re
489 1074 539 1138 ipen
547 1089 637 1124 ornnem
647 1089 709 1136 rpem
719 1081 814 1137 reponet
823 1075 868 1124 roi

165 1213 215 1273 Er
226 1213 282 1272 hoo
299 1212 388 1288 igitur
402 1213 533 1274 Platonis
548 1215 630 1292 queri
651 1215 775 1290 quodam
789 1226 892 1275 saneto
906 1211 1094 1292 augusto-18

166 1330 222 1390 que
236 1314 315 1371 sonte
330 1318 430 1370 nostra
443 1315 537 1372 omnis
552 1315 682 1372 manebit
696 1313 798 1372 oratio.

206 1411 295 1471 Unde
309 1411 398 1487 igitur
411 1411 518 1470 reotius
532 1413 620 1471 ordiri
635 1431 795 1486 possumus,
813 1431 899 1488 quem
919 1431 937 1472 a
960 1432 1039 1473 nom·

166 1511 248 1570 muni
276 1516 398 1585 parente
422 1507 547 1568 nature?
586 1528 660 1586 qnae
687 1511 825 1586 quidquid
846 1512 959 1586 genuit,
979 1531 1040 1572 non

166 1609 254 1668 modo
284 1609 403 1676 animai,
424 1609 476 1665 sed
507 1609 597 1665 etiem
631 1609 706 1682 quod
738 1610 781 1667 ita
800 1615 895 1667 ortum
925 1616 1040 1668 ennete

167 1711 252 1780 terra,
279 1713 311 1765 ut
337 1707 473 1780 stirpibus
501 1705 560 1764 euin
591 1705 742 1775 niteretur,
765 1707 797 1765 in
826 1725 878 1765 ouo
906 1708 1039 1782 quodque

167 1823 275 1880 genere
305 1806 466 1880 perfectum
486 1823 561 1864 esee
593 1805 694 1863 voluit.
738 1807 840 1881 ltaque
861 1811 891 1864 et
913 1807 1039 1876 arboren,

167 1911 197 1962 et
232 1905 318 1974 vites,
339 1909 370 1961 et
400 1921 445 1972 na,
476 1923 552 1979 quae
582 1910 651 1964 eunt
686 1905 849 1974 humiliora,
883 1922 978 1980 neque
1006 1923 1039 1963 ee
1119 1901 1125 1916 '

165 2007 269 2062 tollere
291 2015 308 2060 a
333 2010 409 2060 terra
423 2003 510 2062 altius
535 2009 671 2078 possunt3
692 2001 714 2036 ‘³
726 2004 784 2062 alia
804 2021 918 2078 semper
932 2005 1039 2073 virent,

162 2103 225 2160 ¹alio
250 2103 346 2160 hieme
374 2103 492 2172 nudata,
519 2121 612 2162 verno
636 2109 766 2177 tempore
794 2103 940 2176 tepefacto
964 2103 1040 2162 iron-

167 2203 310 2260 desount:
344 2219 438 2276 neque
469 2207 515 2259 eet
549 2205 651 2272 ullum,
676 2202 752 2277 quod
779 2219 839 2260 non
868 2202 911 2260 itn
938 2203 1039 2276 vigent

166 2299 304 2358 interiore
318 2300 443 2374 quodem
463 2306 606 2370 meimet
629 2302 734 2360 minin
758 2319 870 2378 quoque
884 2301 1040 2362 seminibus
1095 2329 1101 2342 »

167 2398 299 2465 inclusis,
309 2404 341 2454 ut
354 2404 403 2454 eut
418 2399 510 2466 dores,
525 2403 576 2455 not
599 2397 694 2470 fruges
716 2398 827 2464 tundat,
853 2404 903 2458 out
923 2401 1039 2468 bacone,

169 2499 325 2572 omniaque
349 2497 381 2554 in
404 2497 548 2565 omnibus,
571 2497 762 2571 quantumin
789 2497 860 2570 ipsis
887 2498 934 2564 eit,
958 2501 1039 2556 nuile

170 2597 202 2654 vi
227 2594 415 2667 impediente,
440 2595 568 2667 perfecte
594 2593 662 2651 sint.
704 2593 835 2652 Facilius
858 2611 930 2652 vero
949 2595 1039 2654 etiam

170 2696 201 2754 in
227 2693 338 2761 bestiis,
352 2695 427 2768 quod
455 2692 500 2749 hio
524 2711 625 2750 sensus
648 2698 791 2751 enatura
815 2697 859 2750 est
884 2694 977 2759 datus,
993 2691 1039 2750 vie

170 2795 260 2870 ipsius
276 2799 394 2852 naturae
409 2789 535 2865 perspici
549 2796 653 2864 potent.
695 2792 829 2867 Namque
844 2791 917 2848 alias
932 2790 1039 2848 bestiae

170 2900 286 2976 nentes,
308 2907 444 2966 aquarum
460 2889 573 2946 innodas
586 2906 651 2944 esse
665 2887 781 2948 votuit:
801 2889 873 2946 aiinr
895 2891 1040 2958 volueres,

170 2994 255 3051 cneio
269 2990 322 3047 irui
344 2990 451 3048 libero:
473 2965 622 3062 serpentes
643 2987 802 3062 quosdam:
823 2987 961 3062 quasdam
975 3002 1039 3044 esee

169 3089 354 3166 gradientes:
376 3105 474 3146 earum
502 3087 628 3160 ipsorum
660 3085 762 3160 partim
790 3086 947 3160 solivagae,
978 3101 1041 3158 par·

170 3189 224 3248 tim
248 3194 456 3264 congregatos:
486 3187 628 3245 immanes
662 3185 743 3252 ntiae,
777 3186 915 3260 quandem
942 3188 1041 3244 notem

169 3289 291 3348 oionres.
324 3289 479 3345 nonnullae
510 3285 633 3354 obditos,
660 3289 791 3358 terraque
820 3291 922 3341 tectas.
953 3288 1041 3358 etque

171 3405 269 3446 eorum
285 3403 415 3462 quaeque
429 3402 511 3443 suom
537 3391 641 3441 tenens
656 3399 766 3451 monor,
790 3399 856 3440 oum
870 3383 901 3441 in
915 3383 1041 3458 disperio

200 3537 223 3574 ⁴³
237 3541 283 3586 aiio
293 3555 375 3597 semper
384 3539 466 3600 virent]
482 3539 525 3584 hoc
537 3551 587 3584 non
597 3543 631 3584 est
649 3537 671 3584 in
692 3537 728 3584 ed.
746 3535 845 3584 Gronov.
864 3536 946 3584 emidit
965 3550 1041 3586 errore

172 3610 297 3660 opertorum.
309 3597 437 3648 nomentio
447 3598 483 3646 ed.
493 3597 559 3648 (imt.
568 3597 607 3646 red
617 3602 692 3646 tomen
702 3603 726 3644 et
736 3596 766 3645 eb
776 3597 829 3646 md.
840 3611 874 3660 pr.
883 3597 947 3647 ebert
956 3595 1024 3658 mole.
