<?xml version="1.0" encoding="UTF-8"?>
<!DOCTYPE html PUBLIC "-//W3C//DTD XHTML 1.0 Transitional//EN"
    "http://www.w3.org/TR/xhtml1/DTD/xhtml1-transitional.dtd">
<html xmlns="http://www.w3.org/1999/xhtml" xml:lang="en" lang="en">
 <head>
  <title>
</title>
<meta http-equiv="Content-Type" content="text/html;charset=utf-8" />
  <meta name='ocr-system' content='tesseract 3.04.00' />
  <meta name='ocr-capabilities' content='ocr_page ocr_carea ocr_par ocr_line ocrx_word'/>
</head>
<body>
  <div class='ocr_page' id='page_1' title='image "./mtvlliiciceroni11cicegoog/mtvlliiciceroni11cicegoog_0319.png"; bbox 0 0 2558 4198; ppageno 0'>
   <div class='ocr_carea' id='block_1_1' title="bbox 229 281 849 381">
    <p class='ocr_par' dir='ltr' id='par_1_1' title="bbox 229 281 849 381">
     <span class='ocr_line' id='line_1_1' title="bbox 229 281 849 381; baseline -0.069 1"><span class='ocrx_word' id='word_1_1' title='bbox 229 313 294 381; x_wconf 70' lang='lat' dir='ltr'><strong>toa</strong></span> <span class='ocrx_word' id='word_1_2' title='bbox 457 281 526 356; x_wconf 66' lang='lat' dir='ltr'><strong>‘ua</strong></span> <span class='ocrx_word' id='word_1_3' title='bbox 546 300 685 355; x_wconf 72' lang='lat' dir='ltr'><strong>aarum</strong></span> <span class='ocrx_word' id='word_1_4' title='bbox 703 303 849 358; x_wconf 60' lang='lat' dir='ltr'><strong>onom</strong></span> 
     </span>
    </p>
   </div>
   <div class='ocr_carea' id='block_1_2' title="bbox 182 454 1215 3430">
    <p class='ocr_par' dir='ltr' id='par_1_2' title="bbox 182 454 1215 3430">
     <span class='ocr_line' id='line_1_2' title="bbox 229 454 1111 534; baseline 0 -14"><span class='ocrx_word' id='word_1_5' title='bbox 229 477 278 520; x_wconf 91' lang='lat' dir='ltr'><strong>um</strong></span> <span class='ocrx_word' id='word_1_6' title='bbox 301 454 417 517; x_wconf 80' lang='lat' dir='ltr'><strong>iacies?</strong></span> <span class='ocrx_word' id='word_1_7' title='bbox 437 473 506 516; x_wconf 84' lang='lat' dir='ltr'><strong>nam</strong></span> <span class='ocrx_word' id='word_1_8' title='bbox 530 457 556 514; x_wconf 87' lang='lat' dir='ltr'><strong>si</strong></span> <span class='ocrx_word' id='word_1_9' title='bbox 581 458 696 530; x_wconf 75' lang='lat' dir='ltr'><strong>plareez</strong></span> <span class='ocrx_word' id='word_1_10' title='bbox 717 455 807 514; x_wconf 86' lang='lat' dir='ltr'><strong>aliana</strong></span> <span class='ocrx_word' id='word_1_11' title='bbox 826 456 966 516; x_wconf 83' lang='lat' dir='ltr'><strong>essealis</strong></span> <span class='ocrx_word' id='word_1_12' title='bbox 985 459 1111 534; x_wconf 85' lang='lat' dir='ltr'><strong>pulcrio·</strong></span> 
     </span>
     <span class='ocr_line' id='line_1_3' title="bbox 229 555 1107 632; baseline 0 -12"><span class='ocrx_word' id='word_1_13' title='bbox 229 574 292 620; x_wconf 86' lang='lat' dir='ltr'><strong>rem</strong></span> <span class='ocrx_word' id='word_1_14' title='bbox 310 575 433 618; x_wconf 83' lang='lat' dir='ltr'><strong>necesse</strong></span> <span class='ocrx_word' id='word_1_15' title='bbox 467 561 521 615; x_wconf 82' lang='lat' dir='ltr'><strong>cst.</strong></span> <span class='ocrx_word' id='word_1_16' title='bbox 562 557 656 631; x_wconf 83' lang='lat' dir='ltr'><strong>Igitur</strong></span> <span class='ocrx_word' id='word_1_17' title='bbox 688 555 795 632; x_wconf 83' lang='lat' dir='ltr'><strong>aliquis</strong></span> <span class='ocrx_word' id='word_1_18' title='bbox 821 574 881 615; x_wconf 86' lang='lat' dir='ltr'><strong>non</strong></span> <span class='ocrx_word' id='word_1_19' title='bbox 915 561 1107 632; x_wconf 89' lang='lat' dir='ltr'><strong>pulcerrimus</strong></span> 
     </span>
     <span class='ocr_line' id='line_1_4' title="bbox 229 655 1109 726; baseline 0.001 -7"><span class='ocrx_word' id='word_1_20' title='bbox 229 661 311 720; x_wconf 87' lang='lat' dir='ltr'><strong>deus.</strong></span> <span class='ocrx_word' id='word_1_21' title='bbox 353 659 468 717; x_wconf 85' lang='lat' dir='ltr'><strong>Sinna</strong></span> <span class='ocrx_word' id='word_1_22' title='bbox 494 657 625 716; x_wconf 89' lang='lat' dir='ltr'><strong>omnium</strong></span> <span class='ocrx_word' id='word_1_23' title='bbox 646 655 738 714; x_wconf 85' lang='lat' dir='ltr'><strong>iacies</strong></span> <span class='ocrx_word' id='word_1_24' title='bbox 765 663 822 726; x_wconf 88' lang='lat' dir='ltr'><strong>est,</strong></span> <span class='ocrx_word' id='word_1_25' title='bbox 847 658 950 716; x_wconf 86' lang='lat' dir='ltr'><strong>florere</strong></span> <span class='ocrx_word' id='word_1_26' title='bbox 969 659 1001 718; x_wconf 88' lang='lat' dir='ltr'><strong>in</strong></span> <span class='ocrx_word' id='word_1_27' title='bbox 1021 664 1109 721; x_wconf 85' lang='lat' dir='ltr'><strong>caelo</strong></span> 
     </span>
     <span class='ocr_line' id='line_1_5' title="bbox 231 756 1110 832; baseline -0.001 -13"><span class='ocrx_word' id='word_1_28' title='bbox 231 758 427 820; x_wconf 84' lang='lat' dir='ltr'><strong>Academiam</strong></span> <span class='ocrx_word' id='word_1_29' title='bbox 447 773 569 816; x_wconf 87' lang='lat' dir='ltr'><strong>necesse</strong></span> <span class='ocrx_word' id='word_1_30' title='bbox 582 762 635 814; x_wconf 89' lang='lat' dir='ltr'><strong>est.</strong></span> <span class='ocrx_word' id='word_1_31' title='bbox 680 757 714 814; x_wconf 82' lang='lat' dir='ltr'><strong>Si</strong></span> <span class='ocrx_word' id='word_1_32' title='bbox 738 756 820 814; x_wconf 85' lang='lat' dir='ltr'><strong>enirn</strong></span> <span class='ocrx_word' id='word_1_33' title='bbox 834 756 907 816; x_wconf 83' lang='lat' dir='ltr'><strong>nihil</strong></span> <span class='ocrx_word' id='word_1_34' title='bbox 921 760 1000 818; x_wconf 87' lang='lat' dir='ltr'><strong>inter</strong></span> <span class='ocrx_word' id='word_1_35' title='bbox 1013 761 1110 832; x_wconf 87' lang='lat' dir='ltr'><strong>deum,</strong></span> 
     </span>
     <span class='ocr_line' id='line_1_6' title="bbox 230 858 1119 940; baseline -0.002 -21"><span class='ocrx_word' id='word_1_36' title='bbox 230 865 262 919; x_wconf 87' lang='lat' dir='ltr'><strong>et</strong></span> <span class='ocrx_word' id='word_1_37' title='bbox 274 861 362 918; x_wconf 86' lang='lat' dir='ltr'><strong>deum</strong></span> <span class='ocrx_word' id='word_1_38' title='bbox 385 859 502 927; x_wconf 77' lang='lat' dir='ltr'><strong>differt3</strong></span> <span class='ocrx_word' id='word_1_39' title='bbox 523 858 606 915; x_wconf 84' lang='lat' dir='ltr'><strong>nullu</strong></span> <span class='ocrx_word' id='word_1_40' title='bbox 619 863 666 914; x_wconf 86' lang='lat' dir='ltr'><strong>ast</strong></span> <span class='ocrx_word' id='word_1_41' title='bbox 690 859 767 931; x_wconf 86' lang='lat' dir='ltr'><strong>apud</strong></span> <span class='ocrx_word' id='word_1_42' title='bbox 780 859 852 915; x_wconf 84' lang='lat' dir='ltr'><strong>deos</strong></span> <span class='ocrx_word' id='word_1_43' title='bbox 873 858 1015 933; x_wconf 82' lang='lat' dir='ltr'><strong>cognitio,</strong></span> <span class='ocrx_word' id='word_1_44' title='bbox 1029 859 1119 940; x_wconf 73' lang='lat' dir='ltr'><strong>nulla·</strong></span> 
     </span>
     <span class='ocr_line' id='line_1_7' title="bbox 229 957 1111 1036; baseline 0 -19"><span class='ocrx_word' id='word_1_45' title='bbox 229 959 391 1036; x_wconf 74' lang='lat' dir='ltr'><strong>perceptio.</strong></span> <span class='ocrx_word' id='word_1_46' title='bbox 433 957 521 1030; x_wconf 73' lang='lat' dir='ltr'><strong>Quid,</strong></span> <span class='ocrx_word' id='word_1_47' title='bbox 535 958 560 1014; x_wconf 87' lang='lat' dir='ltr'><strong>si</strong></span> <span class='ocrx_word' id='word_1_48' title='bbox 575 957 674 1026; x_wconf 87' lang='lat' dir='ltr'><strong>etiam,</strong></span> <span class='ocrx_word' id='word_1_49' title='bbox 695 957 806 1024; x_wconf 85' lang='lat' dir='ltr'><strong>Vellei,</strong></span> <span class='ocrx_word' id='word_1_50' title='bbox 830 957 935 1015; x_wconf 86' lang='lat' dir='ltr'><strong>lelsum</strong></span> <span class='ocrx_word' id='word_1_51' title='bbox 956 959 1030 1016; x_wconf 87' lang='lat' dir='ltr'><strong>illud</strong></span> <span class='ocrx_word' id='word_1_52' title='bbox 1050 975 1111 1017; x_wconf 89' lang='lat' dir='ltr'><strong>om·</strong></span> 
     </span>
     <span class='ocr_line' id='line_1_8' title="bbox 231 1056 1111 1132; baseline -0.001 -15"><span class='ocrx_word' id='word_1_53' title='bbox 231 1059 304 1118; x_wconf 88' lang='lat' dir='ltr'><strong>nino</strong></span> <span class='ocrx_word' id='word_1_54' title='bbox 327 1064 383 1127; x_wconf 90' lang='lat' dir='ltr'><strong>est,</strong></span> <span class='ocrx_word' id='word_1_55' title='bbox 402 1060 511 1116; x_wconf 89' lang='lat' dir='ltr'><strong>nullam</strong></span> <span class='ocrx_word' id='word_1_56' title='bbox 535 1057 624 1115; x_wconf 85' lang='lat' dir='ltr'><strong>aliam</strong></span> <span class='ocrx_word' id='word_1_57' title='bbox 652 1056 738 1116; x_wconf 88' lang='lat' dir='ltr'><strong>nobis</strong></span> <span class='ocrx_word' id='word_1_58' title='bbox 760 1057 800 1114; x_wconf 86' lang='lat' dir='ltr'><strong>de</strong></span> <span class='ocrx_word' id='word_1_59' title='bbox 829 1057 887 1114; x_wconf 84' lang='lat' dir='ltr'><strong>(leo</strong></span> <span class='ocrx_word' id='word_1_60' title='bbox 910 1058 1111 1132; x_wconf 82' lang='lat' dir='ltr'><strong>cogitantibus</strong></span> 
     </span>
     <span class='ocr_line' id='line_1_9' title="bbox 231 1153 1111 1233; baseline 0.002 -17"><span class='ocrx_word' id='word_1_61' title='bbox 231 1159 371 1233; x_wconf 86' lang='lat' dir='ltr'><strong>speciem,</strong></span> <span class='ocrx_word' id='word_1_62' title='bbox 385 1157 443 1216; x_wconf 86' lang='lat' dir='ltr'><strong>nisi</strong></span> <span class='ocrx_word' id='word_1_63' title='bbox 468 1157 595 1216; x_wconf 91' lang='lat' dir='ltr'><strong>hominis</strong></span> <span class='ocrx_word' id='word_1_64' title='bbox 616 1153 796 1215; x_wconf 79' lang='lat' dir='ltr'><strong>occurrere?</strong></span> <span class='ocrx_word' id='word_1_65' title='bbox 817 1161 955 1215; x_wconf 77' lang='lat' dir='ltr'><strong>tamenne</strong></span> <span class='ocrx_word' id='word_1_66' title='bbox 979 1158 1111 1218; x_wconf 79' lang='lat' dir='ltr'><strong>ista-tam</strong></span> 
     </span>
     <span class='ocr_line' id='line_1_10' title="bbox 232 1255 1111 1325; baseline -0.001 -9"><span class='ocrx_word' id='word_1_67' title='bbox 232 1259 355 1316; x_wconf 85' lang='lat' dir='ltr'><strong>absurda</strong></span> <span class='ocrx_word' id='word_1_68' title='bbox 367 1255 531 1316; x_wconf 74' lang='lat' dir='ltr'>defendes?</span> <span class='ocrx_word' id='word_1_69' title='bbox 552 1258 637 1315; x_wconf 90' lang='lat' dir='ltr'><strong>nobis</strong></span> <span class='ocrx_word' id='word_1_70' title='bbox 649 1257 771 1314; x_wconf 83' lang='lat' dir='ltr'><strong>sortasse</strong></span> <span class='ocrx_word' id='word_1_71' title='bbox 786 1256 812 1314; x_wconf 86' lang='lat' dir='ltr'><strong>si</strong></span> <span class='ocrx_word' id='word_1_72' title='bbox 826 1257 961 1325; x_wconf 89' lang='lat' dir='ltr'><strong>occurrit,</strong></span> <span class='ocrx_word' id='word_1_73' title='bbox 974 1263 1006 1315; x_wconf 93' lang='lat' dir='ltr'><strong>ut</strong></span> <span class='ocrx_word' id='word_1_74' title='bbox 1016 1257 1111 1316; x_wconf 81' lang='lat' dir='ltr'><strong>dicisr</strong></span> 
     </span>
     <span class='ocr_line' id='line_1_11' title="bbox 231 1355 1112 1430; baseline 0 -14"><span class='ocrx_word' id='word_1_75' title='bbox 231 1358 351 1425; x_wconf 75' lang='lat' dir='ltr'><strong>Jmmm,</strong></span> <span class='ocrx_word' id='word_1_76' title='bbox 365 1357 522 1425; x_wconf 75' lang='lat' dir='ltr'><strong>lunonem,</strong></span> <span class='ocrx_word' id='word_1_77' title='bbox 541 1355 721 1425; x_wconf 85' lang='lat' dir='ltr'><strong>Minervam,</strong></span> <span class='ocrx_word' id='word_1_78' title='bbox 736 1357 917 1430; x_wconf 76' lang='lat' dir='ltr'><strong>Neptunum,</strong></span> <span class='ocrx_word' id='word_1_79' title='bbox 931 1356 1112 1428; x_wconf 81' lang='lat' dir='ltr'><strong>Vulcanum,</strong></span> 
     </span>
     <span class='ocr_line' id='line_1_12' title="bbox 233 1455 1114 1532; baseline -0.002 -15"><span class='ocrx_word' id='word_1_80' title='bbox 233 1455 415 1532; x_wconf 78' lang='lat' dir='ltr'><strong>Apollinem,</strong></span> <span class='ocrx_word' id='word_1_81' title='bbox 445 1456 572 1532; x_wconf 88' lang='lat' dir='ltr'><strong>reliquos</strong></span> <span class='ocrx_word' id='word_1_82' title='bbox 602 1457 684 1524; x_wconf 86' lang='lat' dir='ltr'><strong>deos,</strong></span> <span class='ocrx_word' id='word_1_83' title='bbox 708 1473 744 1514; x_wconf 90' lang='lat' dir='ltr'><strong>ea</strong></span> <span class='ocrx_word' id='word_1_84' title='bbox 765 1457 842 1514; x_wconf 82' lang='lat' dir='ltr'><strong>lucie</strong></span> <span class='ocrx_word' id='word_1_85' title='bbox 876 1456 1020 1525; x_wconf 89' lang='lat' dir='ltr'><strong>novimus,</strong></span> <span class='ocrx_word' id='word_1_86' title='bbox 1053 1466 1114 1532; x_wconf 81' lang='lat' dir='ltr'><strong>qua</strong></span> 
     </span>
     <span class='ocr_line' id='line_1_13' title="bbox 232 1557 1113 1634; baseline 0 -18"><span class='ocrx_word' id='word_1_87' title='bbox 232 1557 360 1634; x_wconf 85' lang='lat' dir='ltr'><strong>pictores</strong></span> <span class='ocrx_word' id='word_1_88' title='bbox 388 1557 560 1632; x_wconf 85' lang='lat' dir='ltr'><strong>fictoresque</strong></span> <span class='ocrx_word' id='word_1_89' title='bbox 582 1557 755 1614; x_wconf 83' lang='lat' dir='ltr'><strong>voluerunt:</strong></span> <span class='ocrx_word' id='word_1_90' title='bbox 777 1575 874 1632; x_wconf 87' lang='lat' dir='ltr'><strong>neque</strong></span> <span class='ocrx_word' id='word_1_91' title='bbox 901 1559 997 1614; x_wconf 85' lang='lat' dir='ltr'><strong>solum</strong></span> <span class='ocrx_word' id='word_1_92' title='bbox 1024 1557 1113 1628; x_wconf 83' lang='lat' dir='ltr'><strong>lucie,</strong></span> 
     </span>
     <span class='ocr_line' id='line_1_14' title="bbox 233 1656 1112 1732; baseline -0.002 -15"><span class='ocrx_word' id='word_1_93' title='bbox 233 1659 286 1718; x_wconf 84' lang='lat' dir='ltr'><strong>aed</strong></span> <span class='ocrx_word' id='word_1_94' title='bbox 319 1657 409 1715; x_wconf 91' lang='lat' dir='ltr'><strong>etiarn</strong></span> <span class='ocrx_word' id='word_1_95' title='bbox 442 1661 555 1725; x_wconf 89' lang='lat' dir='ltr'><strong>ornatu,</strong></span> <span class='ocrx_word' id='word_1_96' title='bbox 583 1663 691 1725; x_wconf 86' lang='lat' dir='ltr'><strong>aetate,</strong></span> <span class='ocrx_word' id='word_1_97' title='bbox 718 1664 806 1732; x_wconf 86' lang='lat' dir='ltr'><strong>utque</strong></span> <span class='ocrx_word' id='word_1_98' title='bbox 839 1656 960 1714; x_wconf 88' lang='lat' dir='ltr'><strong>vestitu.</strong></span> <span class='ocrx_word' id='word_1_99' title='bbox 991 1662 1023 1714; x_wconf 90' lang='lat' dir='ltr'><strong>at</strong></span> <span class='ocrx_word' id='word_1_100' title='bbox 1051 1673 1112 1716; x_wconf 84' lang='lat' dir='ltr'><strong>non</strong></span> 
     </span>
     <span class='ocr_line' id='line_1_15' title="bbox 233 1756 1112 1832; baseline -0.002 -16"><span class='ocrx_word' id='word_1_101' title='bbox 233 1756 388 1832; x_wconf 78' lang='lat' dir='ltr'>Aegyptii,</span> <span class='ocrx_word' id='word_1_102' title='bbox 402 1775 458 1815; x_wconf 89' lang='lat' dir='ltr'><strong>neo</strong></span> <span class='ocrx_word' id='word_1_103' title='bbox 474 1757 553 1832; x_wconf 81' lang='lat' dir='ltr'><strong>Syri,</strong></span> <span class='ocrx_word' id='word_1_104' title='bbox 575 1773 631 1815; x_wconf 84' lang='lat' dir='ltr'><strong>nec</strong></span> <span class='ocrx_word' id='word_1_105' title='bbox 653 1757 714 1814; x_wconf 86' lang='lat' dir='ltr'><strong>lere</strong></span> <span class='ocrx_word' id='word_1_106' title='bbox 734 1763 842 1815; x_wconf 84' lang='lat' dir='ltr'><strong>cuncta</strong></span> <span class='ocrx_word' id='word_1_107' title='bbox 862 1757 1004 1814; x_wconf 84' lang='lat' dir='ltr'><strong>barbaris.</strong></span> <span class='ocrx_word' id='word_1_108' title='bbox 1026 1756 1112 1815; x_wconf 88' lang='lat' dir='ltr'><strong>tirmi-</strong></span> 
     </span>
     <span class='ocr_line' id='line_1_16' title="bbox 233 1843 1111 1931; baseline -0.002 -16"><span class='ocrx_word' id='word_1_109' title='bbox 233 1873 298 1916; x_wconf 83' lang='lat' dir='ltr'><strong>orea</strong></span> <span class='ocrx_word' id='word_1_110' title='bbox 323 1851 403 1914; x_wconf 83' lang='lat' dir='ltr'><strong>enim</strong></span> <span class='ocrx_word' id='word_1_111' title='bbox 418 1843 520 1914; x_wconf 78' lang='lat' dir='ltr'><strong>uideas</strong></span> <span class='ocrx_word' id='word_1_112' title='bbox 545 1857 622 1930; x_wconf 88' lang='lat' dir='ltr'><strong>apud</strong></span> <span class='ocrx_word' id='word_1_113' title='bbox 636 1873 687 1914; x_wconf 90' lang='lat' dir='ltr'><strong>eos</strong></span> <span class='ocrx_word' id='word_1_114' title='bbox 701 1857 855 1931; x_wconf 78' lang='lat' dir='ltr'><strong>opiniones</strong></span> <span class='ocrx_word' id='word_1_115' title='bbox 869 1859 985 1915; x_wconf 78' lang='lat' dir='ltr'><strong>essedo</strong></span> <span class='ocrx_word' id='word_1_116' title='bbox 1009 1855 1111 1914; x_wconf 84' lang='lat' dir='ltr'><strong>bestiis</strong></span> 
     </span>
     <span class='ocr_line' id='line_1_17' title="bbox 234 1955 1215 2038; baseline 0.001 -26"><span class='ocrx_word' id='word_1_117' title='bbox 234 1956 415 2031; x_wconf 85' lang='lat' dir='ltr'><strong>quibusdam,</strong></span> <span class='ocrx_word' id='word_1_118' title='bbox 428 1973 515 2030; x_wconf 84' lang='lat' dir='ltr'><strong>quesn</strong></span> <span class='ocrx_word' id='word_1_119' title='bbox 543 1957 619 2030; x_wconf 85' lang='lat' dir='ltr'><strong>apud</strong></span> <span class='ocrx_word' id='word_1_120' title='bbox 643 1974 697 2014; x_wconf 88' lang='lat' dir='ltr'><strong>nos</strong></span> <span class='ocrx_word' id='word_1_121' title='bbox 721 1959 759 2014; x_wconf 87' lang='lat' dir='ltr'><strong>de</strong></span> <span class='ocrx_word' id='word_1_122' title='bbox 772 1957 967 2014; x_wconf 75' lang='lat' dir='ltr'><strong>sanctissimis</strong></span> <span class='ocrx_word' id='word_1_123' title='bbox 992 1955 1111 2029; x_wconf 85' lang='lat' dir='ltr'><strong>templis</strong></span> <span class='ocrx_word' id='word_1_124' title='bbox 1213 2035 1215 2038; x_wconf 16' lang='grc' dir='ltr'>Ι</span> 
     </span>
     <span class='ocr_line' id='line_1_18' title="bbox 233 2055 1110 2140; baseline -0.002 -26"><span class='ocrx_word' id='word_1_125' title='bbox 233 2061 264 2114; x_wconf 91' lang='lat' dir='ltr'><strong>et</strong></span> <span class='ocrx_word' id='word_1_126' title='bbox 274 2055 436 2140; x_wconf 78' lang='lat' dir='ltr'><strong>simulacris</strong></span> <span class='ocrx_word' id='word_1_127' title='bbox 450 2055 578 2114; x_wconf 83' lang='lat' dir='ltr'><strong>deorum.</strong></span> <span class='ocrx_word' id='word_1_128' title='bbox 612 2055 733 2114; x_wconf 82' lang='lat' dir='ltr'><strong>Etenim</strong></span> <span class='ocrx_word' id='word_1_129' title='bbox 748 2057 816 2114; x_wconf 81' lang='lat' dir='ltr'><strong>lana</strong></span> <span class='ocrx_word' id='word_1_130' title='bbox 831 2059 922 2114; x_wconf 85' lang='lat' dir='ltr'><strong>multa</strong></span> <span class='ocrx_word' id='word_1_131' title='bbox 934 2055 1110 2130; x_wconf 85' lang='lat' dir='ltr'><strong>exspoliata,</strong></span> 
     </span>
     <span class='ocr_line' id='line_1_19' title="bbox 234 2155 1113 2214; baseline -0.001 -1"><span class='ocrx_word' id='word_1_132' title='bbox 234 2159 266 2213; x_wconf 87' lang='lat' dir='ltr'><strong>ct</strong></span> <span class='ocrx_word' id='word_1_133' title='bbox 291 2155 447 2214; x_wconf 86' lang='lat' dir='ltr'><strong>simulacra</strong></span> <span class='ocrx_word' id='word_1_134' title='bbox 477 2156 598 2213; x_wconf 89' lang='lat' dir='ltr'><strong>deorum</strong></span> <span class='ocrx_word' id='word_1_135' title='bbox 617 2157 655 2214; x_wconf 87' lang='lat' dir='ltr'><strong>dc</strong></span> <span class='ocrx_word' id='word_1_136' title='bbox 688 2155 761 2214; x_wconf 87' lang='lat' dir='ltr'><strong>locis</strong></span> <span class='ocrx_word' id='word_1_137' title='bbox 793 2155 986 2214; x_wconf 76' lang='lat' dir='ltr'><strong>sanctissimis</strong></span> <span class='ocrx_word' id='word_1_138' title='bbox 1014 2157 1113 2212; x_wconf 84' lang='lat' dir='ltr'><strong>ablata</strong></span> 
     </span>
     <span class='ocr_line' id='line_1_20' title="bbox 234 2253 1113 2331; baseline 0 -19"><span class='ocrx_word' id='word_1_139' title='bbox 234 2253 369 2313; x_wconf 84' lang='lat' dir='ltr'><strong>videmus</strong></span> <span class='ocrx_word' id='word_1_140' title='bbox 384 2254 525 2312; x_wconf 88' lang='lat' dir='ltr'><strong>anostris.</strong></span> <span class='ocrx_word' id='word_1_141' title='bbox 541 2259 571 2312; x_wconf 86' lang='lat' dir='ltr'><strong>at</strong></span> <span class='ocrx_word' id='word_1_142' title='bbox 592 2272 662 2313; x_wconf 89' lang='lat' dir='ltr'><strong>vero</strong></span> <span class='ocrx_word' id='word_1_143' title='bbox 676 2275 714 2313; x_wconf 90' lang='lat' dir='ltr'><strong>ne</strong></span> <span class='ocrx_word' id='word_1_144' title='bbox 737 2256 826 2314; x_wconf 83' lang='lat' dir='ltr'><strong>lando</strong></span> <span class='ocrx_word' id='word_1_145' title='bbox 841 2255 960 2331; x_wconf 89' lang='lat' dir='ltr'><strong>quidem</strong></span> <span class='ocrx_word' id='word_1_146' title='bbox 980 2255 1113 2313; x_wconf 88' lang='lat' dir='ltr'><strong>auditum</strong></span> 
     </span>
     <span class='ocr_line' id='line_1_21' title="bbox 235 2354 1112 2423; baseline -0.001 -10"><span class='ocrx_word' id='word_1_147' title='bbox 235 2360 290 2423; x_wconf 87' lang='lat' dir='ltr'><strong>est,</strong></span> <span class='ocrx_word' id='word_1_148' title='bbox 320 2354 509 2423; x_wconf 86' lang='lat' dir='ltr'><strong>crocodilum,</strong></span> <span class='ocrx_word' id='word_1_149' title='bbox 532 2361 582 2414; x_wconf 84' lang='lat' dir='ltr'><strong>sut</strong></span> <span class='ocrx_word' id='word_1_150' title='bbox 604 2356 675 2414; x_wconf 88' lang='lat' dir='ltr'><strong>ibim</strong></span> <span class='ocrx_word' id='word_1_151' title='bbox 696 2361 746 2412; x_wconf 92' lang='lat' dir='ltr'><strong>aut</strong></span> <span class='ocrx_word' id='word_1_152' title='bbox 776 2355 865 2413; x_wconf 81' lang='lat' dir='ltr'><strong>selem</strong></span> <span class='ocrx_word' id='word_1_153' title='bbox 897 2355 1040 2412; x_wconf 82' lang='lat' dir='ltr'><strong>violatum</strong></span> <span class='ocrx_word' id='word_1_154' title='bbox 1073 2355 1112 2412; x_wconf 86' lang='lat' dir='ltr'><strong>ab</strong></span> 
     </span>
     <span class='ocr_line' id='line_1_22' title="bbox 236 2451 1110 2530; baseline -0.003 -16"><span class='ocrx_word' id='word_1_155' title='bbox 236 2455 397 2530; x_wconf 80' lang='lat' dir='ltr'><strong>Aegyptio.</strong></span> <span class='ocrx_word' id='word_1_156' title='bbox 432 2456 511 2527; x_wconf 81' lang='lat' dir='ltr'><strong>Quid</strong></span> <span class='ocrx_word' id='word_1_157' title='bbox 525 2456 613 2530; x_wconf 85' lang='lat' dir='ltr'><strong>igitur</strong></span> <span class='ocrx_word' id='word_1_158' title='bbox 626 2451 754 2513; x_wconf 81' lang='lat' dir='ltr'><strong>censes?</strong></span> <span class='ocrx_word' id='word_1_159' title='bbox 772 2455 862 2528; x_wconf 87' lang='lat' dir='ltr'><strong>Apim</strong></span> <span class='ocrx_word' id='word_1_160' title='bbox 873 2455 966 2523; x_wconf 90' lang='lat' dir='ltr'><strong>illum,</strong></span> <span class='ocrx_word' id='word_1_161' title='bbox 975 2459 1110 2512; x_wconf 88' lang='lat' dir='ltr'><strong>sanctum</strong></span> 
     </span>
     <span class='ocr_line' id='line_1_23' title="bbox 237 2549 1113 2634; baseline -0.002 -20"><span class='ocrx_word' id='word_1_162' title='bbox 237 2555 453 2630; x_wconf 83' lang='lat' dir='ltr'><strong>Aegyptiorum</strong></span> <span class='ocrx_word' id='word_1_163' title='bbox 467 2557 584 2623; x_wconf 88' lang='lat' dir='ltr'><strong>bovem,</strong></span> <span class='ocrx_word' id='word_1_164' title='bbox 605 2572 704 2612; x_wconf 91' lang='lat' dir='ltr'><strong>nonne</strong></span> <span class='ocrx_word' id='word_1_165' title='bbox 720 2556 807 2612; x_wconf 88' lang='lat' dir='ltr'><strong>deum</strong></span> <span class='ocrx_word' id='word_1_166' title='bbox 821 2553 915 2612; x_wconf 85' lang='lat' dir='ltr'><strong>videri</strong></span> <span class='ocrx_word' id='word_1_167' title='bbox 929 2549 1113 2634; x_wconf 75' lang='lat' dir='ltr'><strong>Aegyptiis?</strong></span> 
     </span>
     <span class='ocr_line' id='line_1_24' title="bbox 236 2653 1114 2729; baseline -0.001 -17"><span class='ocrx_word' id='word_1_168' title='bbox 236 2660 297 2715; x_wconf 90' lang='lat' dir='ltr'><strong>tam</strong></span> <span class='ocrx_word' id='word_1_169' title='bbox 316 2655 425 2722; x_wconf 85' lang='lat' dir='ltr'><strong>hercle,</strong></span> <span class='ocrx_word' id='word_1_170' title='bbox 439 2671 526 2728; x_wconf 86' lang='lat' dir='ltr'><strong>quam</strong></span> <span class='ocrx_word' id='word_1_171' title='bbox 540 2653 593 2712; x_wconf 88' lang='lat' dir='ltr'><strong>tibi</strong></span> <span class='ocrx_word' id='word_1_172' title='bbox 604 2653 686 2712; x_wconf 87' lang='lat' dir='ltr'><strong>illam</strong></span> <span class='ocrx_word' id='word_1_173' title='bbox 701 2661 833 2712; x_wconf 90' lang='lat' dir='ltr'><strong>nostram</strong></span> <span class='ocrx_word' id='word_1_174' title='bbox 854 2654 1012 2728; x_wconf 78' lang='lat' dir='ltr'><strong>Sospitam,</strong></span> <span class='ocrx_word' id='word_1_175' title='bbox 1027 2671 1114 2729; x_wconf 87' lang='lat' dir='ltr'><strong>quam</strong></span> 
     </span>
     <span class='ocr_line' id='line_1_25' title="bbox 235 2752 1114 2831; baseline -0.002 -17"><span class='ocrx_word' id='word_1_176' title='bbox 235 2761 269 2814; x_wconf 87' lang='lat' dir='ltr'><strong>tu</strong></span> <span class='ocrx_word' id='word_1_177' title='bbox 283 2771 439 2831; x_wconf 88' lang='lat' dir='ltr'><strong>numquam</strong></span> <span class='ocrx_word' id='word_1_178' title='bbox 462 2771 501 2811; x_wconf 85' lang='lat' dir='ltr'><strong>ne</strong></span> <span class='ocrx_word' id='word_1_179' title='bbox 515 2754 546 2810; x_wconf 93' lang='lat' dir='ltr'><strong>in</strong></span> <span class='ocrx_word' id='word_1_180' title='bbox 571 2753 680 2812; x_wconf 87' lang='lat' dir='ltr'><strong>somnis</strong></span> <span class='ocrx_word' id='word_1_181' title='bbox 700 2754 816 2827; x_wconf 87' lang='lat' dir='ltr'><strong>quidem</strong></span> <span class='ocrx_word' id='word_1_182' title='bbox 842 2753 936 2824; x_wconf 84' lang='lat' dir='ltr'><strong>vides,</strong></span> <span class='ocrx_word' id='word_1_183' title='bbox 961 2752 1019 2812; x_wconf 88' lang='lat' dir='ltr'><strong>nisi</strong></span> <span class='ocrx_word' id='word_1_184' title='bbox 1044 2770 1114 2812; x_wconf 88' lang='lat' dir='ltr'><strong>curn</strong></span> 
     </span>
     <span class='ocr_line' id='line_1_26' title="bbox 236 2839 1113 2930; baseline -0.002 -17"><span class='ocrx_word' id='word_1_185' title='bbox 236 2839 315 2930; x_wconf 74' lang='lat' dir='ltr'><strong>pelle</strong></span> <span class='ocrx_word' id='word_1_186' title='bbox 330 2854 460 2930; x_wconf 84' lang='lat' dir='ltr'><strong>caprina,</strong></span> <span class='ocrx_word' id='word_1_187' title='bbox 470 2871 538 2912; x_wconf 89' lang='lat' dir='ltr'><strong>cum</strong></span> <span class='ocrx_word' id='word_1_188' title='bbox 552 2855 646 2922; x_wconf 87' lang='lat' dir='ltr'><strong>hasta,</strong></span> <span class='ocrx_word' id='word_1_189' title='bbox 660 2871 727 2913; x_wconf 89' lang='lat' dir='ltr'><strong>cum</strong></span> <span class='ocrx_word' id='word_1_190' title='bbox 740 2856 864 2924; x_wconf 87' lang='lat' dir='ltr'><strong>scutulo,</strong></span> <span class='ocrx_word' id='word_1_191' title='bbox 878 2871 945 2912; x_wconf 89' lang='lat' dir='ltr'><strong>cum</strong></span> <span class='ocrx_word' id='word_1_192' title='bbox 970 2853 1113 2912; x_wconf 84' lang='lat' dir='ltr'><strong>calceolis</strong></span> 
     </span>
     <span class='ocr_line' id='line_1_27' title="bbox 236 2951 1114 3029; baseline 0 -17"><span class='ocrx_word' id='word_1_193' title='bbox 236 2955 382 3028; x_wconf 82' lang='lat' dir='ltr'><strong>repandis.</strong></span> <span class='ocrx_word' id='word_1_194' title='bbox 424 2956 467 3013; x_wconf 92' lang='lat' dir='ltr'><strong>At</strong></span> <span class='ocrx_word' id='word_1_195' title='bbox 486 2951 575 3011; x_wconf 68' lang='lat' dir='ltr'><strong>¹“non</strong></span> <span class='ocrx_word' id='word_1_196' title='bbox 602 2959 648 3011; x_wconf 87' lang='lat' dir='ltr'><strong>est</strong></span> <span class='ocrx_word' id='word_1_197' title='bbox 675 2953 741 3011; x_wconf 84' lang='lat' dir='ltr'><strong>talis</strong></span> <span class='ocrx_word' id='word_1_198' title='bbox 767 2955 868 3029; x_wconf 83' lang='lat' dir='ltr'><strong>Argia,</strong></span> <span class='ocrx_word' id='word_1_199' title='bbox 895 2971 953 3012; x_wconf 87' lang='lat' dir='ltr'><strong>nec</strong></span> <span class='ocrx_word' id='word_1_200' title='bbox 978 2953 1114 3012; x_wconf 85' lang='lat' dir='ltr'><strong>Romana</strong></span> 
     </span>
     <span class='ocr_line' id='line_1_28' title="bbox 236 3045 1114 3130; baseline 0 -18"><span class='ocrx_word' id='word_1_201' title='bbox 236 3055 325 3112; x_wconf 85' lang='lat' dir='ltr'><strong>Juno.</strong></span> <span class='ocrx_word' id='word_1_202' title='bbox 366 3054 446 3130; x_wconf 82' lang='lat' dir='ltr'><strong>Ergo</strong></span> <span class='ocrx_word' id='word_1_203' title='bbox 459 3053 518 3110; x_wconf 87' lang='lat' dir='ltr'><strong>alis</strong></span> <span class='ocrx_word' id='word_1_204' title='bbox 541 3053 655 3125; x_wconf 85' lang='lat' dir='ltr'><strong>species</strong></span> <span class='ocrx_word' id='word_1_205' title='bbox 675 3053 802 3112; x_wconf 82' lang='lat' dir='ltr'><strong>lunonis</strong></span> <span class='ocrx_word' id='word_1_206' title='bbox 830 3053 960 3128; x_wconf 81' lang='lat' dir='ltr'><strong>Argivis,</strong></span> <span class='ocrx_word' id='word_1_207' title='bbox 982 3053 1041 3110; x_wconf 83' lang='lat' dir='ltr'><strong>alis</strong></span> <span class='ocrx_word' id='word_1_208' title='bbox 1056 3045 1114 3112; x_wconf 74' lang='lat' dir='ltr'><strong>Ls’·</strong></span> 
     </span>
     <span class='ocr_line' id='line_1_29' title="bbox 236 3151 1114 3228; baseline -0.002 -15"><span class='ocrx_word' id='word_1_209' title='bbox 236 3154 366 3213; x_wconf 87' lang='lat' dir='ltr'><strong>nuvinis.</strong></span> <span class='ocrx_word' id='word_1_210' title='bbox 407 3153 447 3210; x_wconf 86' lang='lat' dir='ltr'><strong>Et</strong></span> <span class='ocrx_word' id='word_1_211' title='bbox 460 3153 578 3228; x_wconf 87' lang='lat' dir='ltr'><strong>quidem</strong></span> <span class='ocrx_word' id='word_1_212' title='bbox 591 3151 650 3208; x_wconf 86' lang='lat' dir='ltr'><strong>alia</strong></span> <span class='ocrx_word' id='word_1_213' title='bbox 664 3151 748 3210; x_wconf 87' lang='lat' dir='ltr'><strong>nobis</strong></span> <span class='ocrx_word' id='word_1_214' title='bbox 766 3153 939 3228; x_wconf 82' lang='lat' dir='ltr'><strong>Capitolini,</strong></span> <span class='ocrx_word' id='word_1_215' title='bbox 953 3151 1012 3210; x_wconf 89' lang='lat' dir='ltr'><strong>alia</strong></span> <span class='ocrx_word' id='word_1_216' title='bbox 1032 3152 1114 3211; x_wconf 88' lang='lat' dir='ltr'><strong>Alris</strong></span> 
     </span>
     <span class='ocr_line' id='line_1_30' title="bbox 182 3251 1115 3334; baseline -0.004 -20"><span class='ocrx_word' id='word_1_217' title='bbox 182 3263 226 3334; x_wconf 81' lang='lat'><strong>30</strong></span> <span class='ocrx_word' id='word_1_218' title='bbox 241 3252 395 3314; x_wconf 87' lang='lat' dir='ltr'><strong>Ammonis</strong></span> <span class='ocrx_word' id='word_1_219' title='bbox 407 3251 504 3310; x_wconf 84' lang='lat' dir='ltr'><strong>lovis.</strong></span> <span class='ocrx_word' id='word_1_220' title='bbox 545 3251 616 3309; x_wconf 89' lang='lat' dir='ltr'><strong>Non</strong></span> <span class='ocrx_word' id='word_1_221' title='bbox 630 3251 718 3324; x_wconf 87' lang='lat' dir='ltr'><strong>pudet</strong></span> <span class='ocrx_word' id='word_1_222' title='bbox 731 3251 820 3327; x_wconf 82' lang='lat' dir='ltr'><strong>igitur</strong></span> <span class='ocrx_word' id='word_1_223' title='bbox 833 3251 998 3328; x_wconf 88' lang='lat' dir='ltr'><strong>physicum,</strong></span> <span class='ocrx_word' id='word_1_224' title='bbox 1012 3251 1042 3308; x_wconf 92' lang='lat' dir='ltr'><strong>id</strong></span> <span class='ocrx_word' id='word_1_225' title='bbox 1057 3257 1115 3323; x_wconf 87' lang='lat' dir='ltr'><strong>est,</strong></span> 
     </span>
     <span class='ocr_line' id='line_1_31' title="bbox 237 3353 1114 3430; baseline -0.002 -18"><span class='ocrx_word' id='word_1_226' title='bbox 237 3357 449 3430; x_wconf 85' lang='lat' dir='ltr'><strong>speculatorem</strong></span> <span class='ocrx_word' id='word_1_227' title='bbox 463 3355 689 3426; x_wconf 86' lang='lat' dir='ltr'><strong>venatoremque</strong></span> <span class='ocrx_word' id='word_1_228' title='bbox 703 3355 833 3422; x_wconf 82' lang='lat' dir='ltr'><strong>naturae,</strong></span> <span class='ocrx_word' id='word_1_229' title='bbox 854 3355 892 3410; x_wconf 85' lang='lat' dir='ltr'><strong>ab</strong></span> <span class='ocrx_word' id='word_1_230' title='bbox 915 3353 1021 3410; x_wconf 89' lang='lat' dir='ltr'><strong>animis</strong></span> <span class='ocrx_word' id='word_1_231' title='bbox 1043 3370 1114 3410; x_wconf 90' lang='lat' dir='ltr'><strong>con-</strong></span> 
     </span>
    </p>
   </div>
   <div class='ocr_carea' id='block_1_3' title="bbox 239 3525 1154 3638">
    <p class='ocr_par' dir='ltr' id='par_1_3' title="bbox 239 3525 1154 3638">
     <span class='ocr_line' id='line_1_32' title="bbox 239 3525 1154 3638; baseline -0.058 -3"><span class='ocrx_word' id='word_1_232' title='bbox 239 3525 547 3638; x_wconf 46' lang='lat' dir='ltr'><strong>flggmptamgup</strong></span> <span class='ocrx_word' id='word_1_233' title='bbox 579 3527 616 3580; x_wconf 45' lang='grc' dir='ltr'><strong>δὴ</strong></span> <span class='ocrx_word' id='word_1_234' title='bbox 634 3537 676 3591; x_wconf 66' lang='lat'><strong>⁹¹⁰</strong></span> <span class='ocrx_word' id='word_1_235' title='bbox 693 3527 783 3592; x_wconf 50' lang='lat' dir='ltr'><strong>A‘1²³⁶</strong></span> <span class='ocrx_word' id='word_1_236' title='bbox 801 3527 908 3582; x_wconf 72' lang='lat' dir='ltr'><strong>manas</strong></span> <span class='ocrx_word' id='word_1_237' title='bbox 927 3543 941 3582; x_wconf 80' lang='lat' dir='ltr'><strong>e</strong></span> <span class='ocrx_word' id='word_1_238' title='bbox 960 3529 1021 3582; x_wconf 72' lang='lat' dir='ltr'><strong>Me</strong></span> <span class='ocrx_word' id='word_1_239' title='bbox 1040 3527 1074 3582; x_wconf 73' lang='lat' dir='ltr'><strong>us</strong></span> <span class='ocrx_word' id='word_1_240' title='bbox 1087 3531 1114 3579; x_wconf 74' lang='lat' dir='ltr'><strong>es</strong></span> <span class='ocrx_word' id='word_1_241' title='bbox 1148 3569 1154 3582; x_wconf 85' lang='lat'>.</span> 
     </span>
    </p>
   </div>
   <div class='ocr_carea' id='block_1_4' title="bbox 0 0 1295 4198">
    <p class='ocr_par' dir='ltr' id='par_1_4' title="bbox 0 0 1295 4198">
     <span class='ocr_line' id='line_1_33' title="bbox 0 0 1295 4198; baseline 0 0"><span class='ocrx_word' id='word_1_242' title='bbox 0 0 1295 4198; x_wconf 95' lang='lat' dir='ltr'><strong> </strong></span> 
     </span>
    </p>
   </div>
  </div>
 </body>
</html>
