2538 4188
464 263 564 318 idm
582 265 733 318 TERTIUS.
978 275 1043 338 415

5 26 11 150 f

5 219 103 362 l.

5 403 7 484 l

175 413 529 490 consonantemque
549 414 657 490 cogito,
675 422 708 474 ut
720 415 793 484 dixi,
814 419 948 487 nontam
960 418 1046 476 refel-

172 519 231 580 lere
245 518 308 590 ejus
329 515 500 582 orationem,
520 531 607 587 quam
621 532 666 581 ea,
689 533 762 588 quae
783 516 876 576 minus
897 515 1044 587 intellexi,

171 618 325 692 requirere.
370 614 477 685 Quare,
506 613 610 681 Balbe,
637 613 691 671 tibi
719 615 864 688 permitto,
891 618 1045 690 responde·

171 734 242 778 rene
253 714 326 772 mihi
341 712 436 781 melis,
449 713 487 770 de
500 713 624 788 singulis
632 714 722 771 rebus
736 707 939 788 quaerenti'ex
955 720 984 772 te
998 731 1044 784 ea,

172 832 246 890 quae
263 831 362 886 perum
386 813 500 886 accepi,
513 831 552 872 an
572 812 739 872 universam
762 815 862 872 audire
882 813 1045 874 orationem·

172 929 276 974 meam
319 912 399 971 Tum
416 913 541 971 Balbum
571 913 636 988 Ego
649 929 730 979 vero,
749 913 775 969 si
799 913 870 985 quid
890 911 1045 984 explanari

173 1010 228 1076 tibi
244 1014 334 1078 voles,
348 1013 523 1083 respondere
537 1014 624 1072 malo.
646 1013 692 1072 sin
715 1029 763 1092 me
777 1010 962 1085 interrogare,
984 1028 1044 1070 non

171 1114 234 1172 om
247 1111 430 1186 intelligendi
442 1130 541 1181 cauea,
553 1129 640 1188 quem
654 1109 823 1180 refellendi3
844 1117 937 1168 utrum
949 1113 1045 1182 voles,
1082 1103 1086 1111 ’

171 1210 299 1270 taciem:
320 1213 370 1269 vel
386 1213 423 1268 nd
436 1212 558 1286 singule,
571 1229 650 1286 quae
659 1211 793 1285 requires,
814 1210 913 1270 statim
926 1219 1056 1285 respon·'

168 1310 264 1390 'debon
286 1312 345 1378 vel,
365 1328 432 1368 cum
457 1310 606 1384 perornris,
630 1310 798 1370 adomnia.
840 1310 922 1368 Tum
944 1311 1043 1382 Cotta,

172 1409 302 1482 Optime,
325 1409 427 1484 inquit.
441 1412 626 1483 quemobrem
645 1408 689 1467 sic
709 1415 883 1484 agelmundi
904 1427 957 1470 noe
978 1409 1043 1483 ipsa

172 1508 253 1582 ducit
268 1507 369 1572 oratio.
412 1508 472 1564 Sed
485 1514 640 1580 antequam
651 1506 688 1563 de
702 1525 742 1572 re,
757 1524 850 1580 pauca
863 1510 901 1566 de
914 1526 971 1568 me.
982 1504 1074 1566 non2

172 1607 254 1664 enim
281 1605 466 1664 mediocriter
493 1621 614 1666 moveor
640 1605 814 1662 auctoritaie
847 1611 905 1673 tun,
939 1607 1044 1676 Balbe,

173 1705 363 1779 orationeque
376 1721 422 1773 en,
435 1721 509 1780 quse
526 1721 577 1762 me
596 1703 628 1760 iu
646 1705 810 1776 perorando
829 1704 1043 1776 cohortebetm,

173 1807 206 1862 ut
219 1804 426 1872 meminissem,
451 1820 498 1860 ne
519 1807 551 1860 et
574 1803 702 1862 Cottam.
717 1820 791 1872 esse,
815 1809 846 1860 et
866 1803 1041 1877 pontificem.

173 1905 250 1978 quod
264 1920 310 1970 eo,
323 1903 422 1969 credo,
442 1903 570 1969 ualebat,
585 1909 616 1960 ut
640 1901 803 1974 opiniones,
826 1920 898 1977 quus
915 1920 936 1960 a
955 1904 1044 1978 mqio·

170 2001 249 2062 ribus
269 2001 436 2077 accepimns
456 2003 494 2060 de
514 2001 572 2060 diis
594 2002 812 2072 inmortalibus,
833 2019 928 2070 seem,
945 2019 1043 2062 caere·

172 2091 296 2169 muniar,
322 2101 535 2177 religionesque
563 2100 759 2158 defenderem.
800 2101 866 2176 Ego
892 2120 964 2159 vero
991 2109 1049 2160 ear
1093 2169 1099 2190 ι

172 2200 329 2274 delendam
350 2218 474 2274 semper,
493 2217 663 2274 semperque
683 2200 821 2260 delendi:
848 2217 915 2260 nec.
927 2217 974 2258 me
1001 2217 1044 2262 cx

171 2315 208 2356 ec
221 2298 370 2371 opinione,
383 2315 474 2370 quem
492 2315 510 2354 e
531 2296 686 2368 majoribus
706 2299 810 2371 accepi
823 2298 860 2356 de
880 2303 960 2358 cultu
975 2299 1043 2358 deo
1074 2365 1082 2380 ·
1165 2336 1171 2348 ι

172 2413 237 2454 mm
263 2394 480 2459 immortalium,
504 2391 591 2448 ullius
614 2407 747 2462 umquam
768 2396 860 2451 oratio
879 2404 930 2455 eut
952 2397 1044 2469 docti,

173 2499 225 2553 ant
239 2491 353 2550 indocti
366 2488 506 2549 movebit.
520 2488 573 2544 sed
585 2503 653 2545 cum
667 2487 704 2544 de
718 2488 858 2562 religione
872 2491 974 2565 egitur,
989 2495 1043 2553 Ti.

173 2591 402 2656 Coruncanium,
423 2588 458 2646 P.
479 2586 660 2660 Scipionem,
681 2586 717 2644 P.
739 2588 925 2652 Scaevolam.
949 2591 1044 2664 ponti·

172 2692 244 2754 lices
264 2689 417 2757 maximos,
442 2703 502 2746 non
525 2687 691 2755 Zenonem,
711 2692 762 2745 aut
786 2687 972 2758 Cleanthem,
993 2695 1045 2750 eut

175 2789 374 2865 chrysippum
388 2804 508 2861 sequor:
529 2786 680 2859 habeoque
693 2785 728 2843 G.
749 2786 883 2844 Laelium
897 2805 1043 2862 augurem,

173 2872 550 2963 eundemque'rapientemr
569 2900 655 2962 quem
676 2883 770 2957 potius
791 2885 907 2944 audium
926 2889 966 2945 de'
977 2889 1042 2948 reli·

128 3010 130 3018 ¹
173 2986 261 3062 gione
281 2987 430 3044 dicentem
442 2981 495 3043 ”in
509 2984 561 3044 illo
580 2981 712 3042 oratione
726 2981 826 3051 nobili,
840 3002 925 3058 quem
945 3005 1043 3062 quem·

5 3063 6 3072 ἵ
165 3103 260 3162 ¹quom
288 3084 451 3159 principem
475 3083 648 3142 Stoicorum
675 3099 799 3158 cumque
820 3085 915 3142 omnis
943 3086 1042 3160 populi

174 3183 303 3246 Romani
315 3183 427 3259 religio,
440 3183 472 3242 in
496 3199 588 3252 sacra,
611 3186 645 3242 et
664 3181 697 3244 ln
718 3183 848 3259 auspicia
866 3183 962 3243 divisa
982 3185 1039 3244 sit:

174 3285 292 3346 tertium
313 3283 482 3359 adjunmum
496 3283 552 3356 sit3
572 3283 599 3342 si
619 3283 689 3359 quid
712 3283 918 3358 praedictionis
941 3281 1043 3355 causa,

201 3437 494 3502 ”initumtonemtdll
512 3440 541 3486 de
550 3437 667 3501 coneptu,
676 3437 739 3499 cujus
749 3437 856 3490 cretionis
870 3438 956 3491 mentio
970 3437 1042 3502 osilia

174 3495 282 3550 lumlioc.
293 3501 329 3548 ti.
340 3496 477 3550 etiuliruto
488 3512 507 3549 r.
517 3499 554 3549 21.
657 3515 666 3530 ¹
