2558 4198
235 255 301 330 '340
487 257 534 310 on
547 259 688 310 narnus
705 256 850 310 osonum

235 427 335 470 nonne
348 411 436 484 piene
459 409 593 484 desipere
608 406 748 468 videare?
779 411 830 469 An
852 427 891 468 ne
914 407 972 468 hoc
990 408 1110 484 quidem

236 509 437 586 intelligimus,
464 509 565 566 omnia
595 527 700 584 supere
726 527 791 567 esse
816 506 965 568 mellum?
1003 515 1110 568 terram

234 617 332 668 eutem
344 628 409 667 essa
429 610 568 677 infimam,
583 627 667 682 quem
682 609 878 666 crassissimus
897 608 1112 668 circumfundat

202 693 205 698 ¹
234 706 309 768 ser?
330 717 360 769 ut
373 712 489 768 obeam
506 709 598 784 ipsum
610 726 736 776 cansam,
751 707 927 784 quodetiam
938 709 1110 783 quibusdam

235 810 412 885 regionibus,
425 817 512 884 atque
527 809 643 868 urbibus
663 809 835 884 contingere
859 808 1003 874 videmus,
1023 808 1109 864 helse-

235 910 309 968 tiore
323 915 354 968 ul
368 911 426 968 sint
438 909 586 966 hominum
598 908 716 982 ingenis
730 907 931 982 propterceeli
945 907 1107 980 pleniorem

234 1017 376 1078 naturam,
392 1011 447 1068 hoc
462 1009 540 1066 idem
553 1008 656 1083 generi
669 1009 797 1064 humano
820 1006 968 1074 evenerit,
985 1007 1061 1080 quod
1075 1005 1107 1064 in

235 1116 320 1178 terra,
333 1110 390 1167 hoc
404 1115 457 1177 est,
472 1109 502 1168 in
527 1107 706 1166 crassissima
721 1107 839 1182 regione
855 1107 954 1164 mundi
970 1104 1108 1164 collocuti
1143 1177 1148 1187 ι

234 1208 302 1266 sint.
358 1209 397 1266 ot
422 1215 521 1266 tamen
548 1226 588 1265 ex
616 1207 679 1280 ipsa
705 1207 856 1264 hominum
884 1205 1015 1263 sollertis
1042 1223 1108 1264 esse

235 1306 360 1380 aliquam
376 1315 513 1372 mentem,
523 1312 554 1363 el
564 1324 629 1362 enm
639 1306 756 1380 quidem
768 1306 909 1364 notiorem
920 1312 950 1362 el
964 1305 1108 1372 divinam,

235 1405 406 1468 existimore
420 1407 569 1464 debemus.
602 1403 681 1461 Unde
694 1403 769 1460 euim
781 1402 856 1462 lsoue
866 1402 948 1462 horno
960 1401 1109 1481 arripuit?

209 1495 213 1508 ⁵
237 1515 267 1566 ut
281 1505 322 1564 ait
335 1508 411 1580 apud
427 1505 654 1578 Xenophontem
672 1506 816 1562 Socrates.
860 1505 939 1576 Qniu
964 1511 995 1564 el
1009 1505 1108 1564 humo·

239 1625 309 1676 rem,
323 1612 353 1664 et
367 1608 504 1671 calorem,
515 1605 564 1681 qui
578 1611 620 1662 est
636 1604 714 1661 lusus
729 1604 759 1660 in
773 1621 903 1678 corpore,
917 1610 948 1662 el
963 1609 1109 1664 terrenam

236 1709 330 1782 ipsam
344 1709 489 1766 viscerum
514 1706 700 1772 soliditatem,
721 1705 850 1762 animum
874 1704 1001 1780 denique
1024 1704 1108 1762 illum
1131 1719 1134 1724 ·

233 1807 411 1880 spirabilem,
426 1806 529 1881 siquis
544 1810 674 1880 quaeret,
696 1802 717 1834 ⁸
728 1805 804 1860 unde
827 1804 997 1872 noceamus,
1019 1822 1107 1878 eppa·

126 1935 130 1940 ·
234 1914 293 1964 ret:
321 1907 397 1980 qnod
418 1906 528 1963 elioda
550 1913 624 1964 terro
649 1905 812 1972 sumsimus,
832 1903 911 1973 aliud
926 1907 963 1961 ab
978 1906 1106 1974 humore,

236 2005 314 2062 uliud
330 2007 366 2059 eb
391 2004 469 2076 igne,
486 2005 563 2062 uliud
579 2007 616 2060 ub
637 2004 705 2060 aero
726 2022 771 2073 eo,
793 2021 879 2080 quem
903 2004 1006 2076 spiritu
1026 2003 1107 2062 duci·

206 2091 315 2182 l'rnusz
335 2101 437 2160 ”lituo
452 2107 558 2168 aulem,
572 2103 648 2175 quod
674 2102 768 2160 vincit
792 2103 867 2162 haec
890 2105 999 2172 omnio,
1021 2102 1108 2160 ratio·

237 2225 303 2264 nem
319 2205 396 2270 dicu,
417 2211 457 2269 et,
470 2203 495 2258 si
508 2204 604 2276 pluoel
620 2203 747 2276 pluribus
763 2204 870 2271 uerbis,
885 2211 1023 2270 mentem,
1037 2221 1107 2260 con·

235 2308 342 2368 silium,
372 2300 591 2376 cogitationem,
622 2303 812 2374 prudentiam,
840 2304 889 2360 ubi
915 2299 1105 2362 invenimus?

236 2407 312 2464 utsoe
327 2399 516 2461 sustulimus?
536 2421 574 2460 an
598 2410 696 2459 cetera
717 2404 839 2460 mundus
865 2403 984 2460 hebebit
997 2402 1106 2470 omnia,

235 2507 291 2562 hoo
304 2523 401 2572 unum,
415 2505 490 2578 quoti
504 2502 619 2576 plurimi
632 2509 685 2567 est,
701 2520 758 2558 non
774 2499 913 2560 habebit?
934 2502 1013 2574 atqui
1024 2507 1105 2558 certe

235 2607 306 2664 uilsil
324 2607 454 2663 omnium
469 2621 562 2660 rerum
582 2602 684 2658 melius
703 2609 747 2656 est
762 2603 878 2666 mundo,
893 2600 965 2658 nihil
981 2606 1105 2674 prenesta-

234 2693 330 2774 bilirn,
351 2707 423 2764 nilril
447 2703 589 2777 pulcrius:
621 2720 677 2758 nec
697 2703 790 2758 solum
815 2702 888 2758 niiril
912 2709 966 2768 est,
989 2702 1039 2758 sed
1065 2717 1104 2756 ne

126 2798 134 2808 ”
235 2807 357 2880 cogitari
382 2806 499 2880 «pridem
526 2803 680 2877 quidquam
709 2801 814 2858 melius
846 2808 950 2876 polest.
1001 2803 1050 2867 Et,
1078 2801 1104 2858 si

236 2907 347 2964 ratione
362 2912 390 2962 et
402 2903 546 2976 putrientis
561 2903 632 2960 nihil
648 2911 692 2960 est
707 2902 818 2966 metius,
835 2919 956 2959 necesse
971 2907 1015 2958 est
1029 2902 1103 2958 haec
1171 2953 1178 2972 ,

177 3065 182 3072 ,
231 3008 331 3066 inesse
348 3006 377 3060 iu
390 3024 434 3069 eo,
447 3005 523 3077 quod
543 3003 684 3075 optimum
701 3019 765 3058 esee
786 3002 983 3058 concedimus.
1026 2999 1105 3072 Quid

264 3161 287 3192 ²⁸
301 3161 361 3206 uude
370 3156 505 3212 mosomus]
537 3153 730 3211 volgooalsmos.
749 3153 872 3201 maletum
888 3167 980 3216 sequens
990 3154 1048 3214 qnod
1059 3137 1108 3200 sus·

235 3229 323 3282 pentum
339 3219 393 3264 usilri
410 3225 451 3268 est,
469 3223 542 3262 notum
559 3229 587 3259 ur.
603 3214 693 3260 uidetur
714 3215 743 3260 ab
763 3215 864 3270 librario,
878 3215 916 3276 qui
936 3215 968 3260 ite
988 3229 1034 3275 sqq.
1053 3227 1105 3262 eum

233 3277 484 3338 oppureleonjuugendo
500 3281 552 3334 pule
569 3281 599 3318 at.

265 3357 289 3390 ll
301 3357 363 3404 iilud
371 3357 453 3416 omem]
472 3355 578 3400 cohaeret
587 3353 629 3398 lroc
638 3367 688 3398 cum
697 3351 853 3412 superioribus,
864 3353 966 3414 moleque
976 3352 1013 3398 lrie
1022 3335 1105 3400 novum

234 3425 301 3516 caput
325 3417 413 3460 luctum.
468 3414 565 3482 Dixere-l,
585 3418 686 3480 apparel,
705 3413 763 3458 stride
790 3412 893 3462 visibilia,
914 3413 1036 3466 hermonem,
1058 3420 1103 3460 ele.

233 3475 363 3591 Ιὲὲἷξίωω.
379 3475 498 3536 respondet
514 3474 577 3519 lrusc:
593 3478 742 3521 strationem
757 3474 816 3522 uude
831 3473 987 3534 noueperimus,
1003 3486 1048 3520 nun
1066 3487 1107 3534 ap
