3354 4234
724 321 822 370 mssa
838 319 969 370 PRlMUS.
1241 326 1279 382 15

410 471 528 547 quidem
543 489 607 528 esse
629 487 723 544 posse.
740 467 832 546 quid?
851 471 902 546 qui
915 468 1053 536 vivimus,
1072 485 1139 526 uum
1160 467 1282 526 morien·

411 572 479 629 dum
495 572 541 638 sii,
556 589 653 628 noune
670 570 766 628 miseri
789 567 908 628 sumus?
928 587 1003 644 quoe
1026 569 1105 626 euim
1130 573 1225 640 potest
1251 567 1283 625 iu

414 672 474 728 vite
495 691 559 728 esse
568 671 748 743 jucunditas,
763 687 829 726 oum
843 668 906 724 dies
931 671 961 724 et
980 673 1081 725 nostes
1095 667 1284 742 cogitandum

412 769 458 837 sit,
466 770 539 840 jum,
546 771 666 844 jamque
681 787 744 826 esse
756 763 959 825 moriendum?

452 869 495 924 M.
516 869 609 942 Ecqui
624 886 693 943 ergo
706 867 857 942 intelligis,
871 872 1008 941 quantum
1024 866 1093 924 maii
1106 869 1142 924 de
1157 869 1313 926 humuuass

411 967 580 1025 conditione
600 963 766 1039 dejeceris?
808 969 844 1024 A.
863 968 997 1039 Quonam
1010 964 1116 1023 modo?
1139 966 1181 1022 M.
1197 967 1284 1038 Quia,

412 1067 438 1124 si
452 1067 524 1124 mori
535 1069 623 1124 etism
639 1065 758 1123 mortuis
775 1065 909 1122 miserum
930 1071 1016 1131 esset,
1033 1065 1178 1122 iuiiuiium
1197 1065 1283 1139 quod·

413 1167 490 1232 dam,
504 1171 533 1222 el
548 1166 755 1238 sempiternum
771 1167 877 1222 muium
893 1165 1063 1220 haberemus
1076 1164 1107 1220 iu
1122 1163 1193 1220 viis.
1205 1182 1283 1220 nune

413 1265 502 1322 video
515 1267 645 1322 calcem:
667 1263 733 1320 “uri
747 1282 833 1338 quam
847 1264 962 1320 comsit
977 1265 1138 1328 decursum,
1153 1262 1226 1318 nihii
1245 1263 1285 1320 sit

412 1372 563 1438 praeterea
577 1364 838 1421 extimescendum.
863 1363 915 1419 sed
939 1367 969 1418 iu
990 1361 1061 1418 mihi
1086 1361 1195 1417 videris
1216 1361 1286 1434 Epi-

394 1493 398 1501 ·
413 1463 535 1529 charmi,
546 1465 635 1531 ocuti,
650 1480 705 1520 neo
720 1461 824 1519 insulsi
843 1461 978 1528 hominis,
993 1465 1024 1517 ui
1045 1460 1148 1523 Sieuii.
1169 1465 1285 1516 seuien-

413 1562 484 1618 iium
510 1561 599 1636 sequi.
642 1563 681 1618 A.
704 1558 820 1632 Quum?
849 1577 908 1615 non
937 1559 1016 1614 euim
1044 1559 1125 1616 novi.
1167 1558 1210 1614 Μ.
1233 1558 1286 1614 Di·

395 1701 400 1706 ·
415 1675 491 1727 eam,
505 1658 530 1716 si
543 1663 651 1732 potero,
665 1657 782 1715 Latine.
797 1657 856 1713 scis
870 1656 949 1712 enim
964 1674 1010 1712 rue
1024 1657 1139 1712 Graece
1154 1656 1232 1729 ioqui
1253 1656 1286 1712 iu

395 1759 525 1818 ·Laiirro
551 1773 683 1815 sermone
706 1773 766 1813 nou
791 1757 855 1830 pius
877 1757 981 1820 solers,
1003 1771 1089 1828 quum
1105 1755 1143 1813 iu
1169 1755 1286 1811 Graeco

394 1855 541 1916 ·Latine.'
574 1858 613 1914 A.
634 1857 674 1912 Et
697 1862 775 1912 recte
789 1853 916 1928 quidem.
930 1854 982 1911 sed
1006 1871 1079 1929 quse
1100 1853 1217 1911 laudem
1242 1857 1287 1910 ssi

415 1957 587 2032 Epicharmi
607 1957 662 2013 ista
676 1949 846 2012 sententio?
867 1953 909 2010 M.

542 2109 620 2158 Emori
630 2111 683 2157 noio
693 2129 698 2156 ε
715 2109 753 2158 sed
764 2123 800 2156 rue
810 2123 858 2156 esse
868 2111 979 2156 moriuum
989 2107 1046 2155 nihss
1055 2109 1156 2156 aestimo.

398 2251 456 2311 .A.
478 2252 546 2309 Jsm
568 2267 696 2326 agnosco
718 2249 874 2307 Graecum.
890 2256 921 2306 et
944 2249 1081 2324 quoniam
1096 2247 1230 2322 coiigisii,
1255 2253 1287 2306 ut

399 2351 618 2416 ,comederem
635 2349 683 2424 qui
698 2348 800 2406 mortui
819 2353 926 2415 esseni,
941 2365 991 2405 eos
1006 2347 1125 2404 miseros
1140 2365 1198 2404 uon
1213 2365 1288 2414 erse,

400 2449 533 2522 .perfioe‚
546 2447 573 2504 si
593 2451 686 2520 poies,
700 2452 732 2504 ut
746 2460 783 2504 ue
798 2447 978 2504 moriendum
1002 2446 1118 2521 quidem
1142 2463 1216 2513 esse,
1236 2445 1288 2504 mi·

405 2565 511 2610 *serum
534 2551 641 2620 putem:
682 2545 724 2604 M.
752 2546 910 2604 Jomisiuo
938 2546 1057 2622 quidem
1078 2547 1151 2605 nihil
1176 2545 1290 2620 negotii

416 2649 477 2702 est:
500 2647 550 2702 sed
574 2645 662 2702 elium
687 2644 796 2718 majora
818 2645 930 2702 molior.
974 2646 1013 2703 A.
1036 2647 1102 2717 Quo
1125 2647 1211 2703 modo
1231 2648 1289 2703 hou

416 2744 489 2801 nihii
506 2742 617 2816 negotii
631 2739 696 2799 est?
717 2748 765 2798 sut
782 2761 855 2815 quae
878 2748 944 2800 sunt
956 2745 1074 2799 tandem
1087 2744 1143 2801 isio
1158 2741 1290 2816 majore?

386 2911 391 2922 Ι
420 2839 462 2898 Μ.
486 2840 632 2911 Quoniam
646 2841 672 2897 si
696 2846 760 2912 post
775 2846 897 2898 moriem
912 2841 984 2897 nihii
1001 2847 1046 2897 est
1067 2843 1145 2909 mali,
1161 2861 1198 2898 ue
1213 2859 1290 2900 mors

415 2940 533 3014 quidem
547 2943 592 2994 est
617 2939 746 2996 maium:
767 2938 815 2996 oui
838 2939 1002 3012 proximum
1026 2943 1138 3013 tempus
1158 2946 1203 2998 est
1225 2947 1291 3015 post

376 3060 379 3068 ‘
415 3045 548 3108 mortem,
561 3038 592 3094 iu
607 3055 663 3113 quo
680 3038 750 3094 maii
765 3036 838 3094 nihii
853 3055 917 3095 esse
938 3038 1096 3096 coneedis:
1117 3039 1158 3098 iis
1173 3057 1211 3098 ue
1232 3059 1290 3098 mo·

415 3138 547 3196 riendum
562 3137 679 3212 quidem
698 3155 771 3204 esse,
786 3139 893 3195 mulum
907 3143 961 3196 esi.
976 3138 1005 3196 id
1027 3143 1072 3196 est
1085 3139 1174 3206 enim,
1188 3157 1290 3212 perve-

415 3237 555 3296 niendum
571 3255 634 3294 esse
656 3237 693 3294 sd
719 3236 758 3303 id,
772 3231 847 3310 qirod
873 3254 931 3293 non
957 3255 1021 3296 esse
1044 3239 1149 3295 muium
1169 3240 1289 3296 eonfite-

417 3355 488 3394 mur.
532 3337 571 3394 A.
593 3335 718 3424 Uberius
733 3335 789 3392 isra
803 3353 920 3410 quaeso.
935 3337 1009 3394 haec
1024 3335 1103 3395 euim
1118 3337 1288 3410 spinosiora,

446 3509 468 3542 ³⁴
482 3509 512 3555 ud
542 3523 591 3554 rum.
636 3509 712 3564 Vulgo
724 3524 803 3568 quem:
820 3510 879 3568 quod
894 3511 962 3558 miror
972 3525 1020 3560 erre
1035 3514 1081 3562 taur
1100 3511 1139 3561 diu
1157 3511 1303 3576 toleratum,

417 3569 522 3640 suroris
545 3575 563 3618 *t
603 3568 702 3618 suum.
715 3569 750 3620 ed.
763 3569 861 3622 Medici.
1168 3591 1171 3596 ·
