2558 4198
464 307 564 362 omn
578 309 712 362 mistos.
961 317 1026 380 313

150 461 302 522 omerus
312 460 369 520 tibi
382 459 427 520 illi
440 461 566 520 delirare
581 459 728 529 visisunt,
741 457 790 536 qul
804 459 868 520 sius
881 461 1025 533 munibus,

149 567 179 620 el
195 563 317 636 pedihus
332 567 467 620 eousture
478 563 566 620 deum
580 579 664 636 posse
677 561 895 622 deorsseruut?
915 581 953 621 ue
967 565 1025 623 hoo

149 662 268 737 quidem
282 666 468 730 memoret,
492 661 722 730 considerantes,
744 681 818 739 quse
841 663 880 720 sit
903 663 1025 732 utilitas,

148 779 280 836 qrroeque
293 761 494 834 opportunitas
509 761 541 820 lo
562 761 680 820 homine
700 765 902 831 membrorum,
926 768 958 820 ut
978 763 1025 836 Ju-

88 873 91 878 ’
148 861 265 928 dicetis,
281 861 416 918 memhris
428 861 562 920 humenis
575 863 645 920 deos
661 878 720 921 uon
733 860 842 938 egere?
862 863 930 937 quld
944 861 1026 920 enim

61 976 63 982 ¹
149 961 272 1035 pedihus
286 979 357 1036 opus
372 969 417 1020 est
440 963 504 1020 siue
519 960 672 1039 ingressu?
691 963 760 1038 quid
786 961 928 1026 monibus,
942 961 968 1018 si
982 961 1025 1019 ui·

150 1061 192 1119 hil
220 1057 552 1135 comprehendendum?
592 1063 661 1138 quid
689 1063 800 1137 reliqua
826 1061 1025 1134 descriptione

149 1163 280 1222 omnium
294 1165 422 1237 eorporis
443 1166 574 1237 portium.
589 1164 620 1220 in
643 1181 700 1238 que
725 1163 798 1219 nihil
823 1162 921 1228 moue.
949 1158 1026 1220 nihil

147 1261 212 1320 stne
233 1279 336 1330 eausa,
347 1263 420 1320 nihil
435 1279 686 1335 supervacaneum
711 1259 781 1320 est?
823 1263 926 1336 ltaque
942 1262 1024 1320 nullo

148 1377 195 1420 trs
208 1362 317 1420 imitari
331 1362 491 1420 sollertiam
513 1370 632 1420 osterse
648 1367 753 1437 potest.
795 1361 924 1420 Habebit
936 1361 1026 1436 igitur

149 1459 280 1536 linguam
294 1465 376 1528 deus,
389 1467 421 1519 et
442 1479 500 1520 nou
526 1465 665 1537 loquetur.
679 1465 793 1530 dentes,
813 1464 951 1534 palatum,
965 1461 1027 1518 lau·

148 1577 200 1620 ees
211 1563 372 1618 nullum‘ad
387 1577 487 1618 usum:
507 1579 637 1635 quaeque
653 1561 860 1634 prooreationis
874 1577 963 1619 eausa
975 1575 1026 1616 uun

149 1664 214 1722 ture
233 1657 376 1733 ¹’corpori
396 1661 500 1728 affixit,
528 1675 563 1716 ee
591 1660 694 1718 lrustro
717 1660 836 1716 hebebit
859 1661 947 1716 deus:
969 1670 1026 1716 neo

137 1766 272 1832 ‚externo
287 1763 388 1834 mugio,
401 1777 487 1835 quum
504 1758 651 1818 iuteriors.
683 1759 750 1824 Cor,
762 1761 921 1831 pulmones,
928 1759 1027 1832 jecur,

147 1865 269 1917 outers:
284 1876 370 1934 quae,
383 1862 524 1926 dett-sete,
539 1859 674 1926 utilitate,
688 1860 756 1934 quid
773 1859 880 1916 hahent
891 1839 1026 1917 vedusto·

148 1957 212 2018 iis?
231 1959 464 2034 quandoquidem
485 1962 559 2017 hese
570 1959 676 2016 esseio
690 1961 747 2017 deo
761 1964 877 2032 propter
889 1959 1026 2033 puleritud

147 2059 247 2116 dinem
276 2061 377 2116 vultis.
419 2061 527 2118 Istisne
558 2060 682 2118 fidentes
708 2059 830 2116 somniis
855 2075 913 2117 non
938 2060 1027 2117 modo

147 2157 301 2230 Epicurus,
315 2167 345 2217 et
372 2160 565 2226 Metrodorus,
584 2165 614 2216 et
637 2160 819 2217 Hermeehus
839 2165 942 2216 oontro
968 2160 1026 2233 l’y·

147 2257 308 2332 thogorarrr,
323 2257 486 2322 Platonem,
510 2261 778 2334 Empedoelemque
801 2255 948 2326 dixerunt,
972 2254 1026 2317 sed

148 2357 338 2416 meretricula
365 2357 455 2414 stium
477 2357 634 2416 Leontium
656 2364 759 2414 ooutru
787 2358 1026 2432 Theophrastum

148 2455 279 2512 scrihere
299 2454 444 2514 auserit?
469 2457 554 2513 'seito
577 2455 628 2512 illu
642 2456 904 2530 quidemsermoue
925 2465 956 2514 et
973 2461 1026 2517 At-

150 2553 221 2622 tioo,
240 2552 324 2609 ²⁰sed
349 2559 457 2611 tamen.
500 2555 631 2612 'Paulum
657 2553 775 2627 Epiouri
802 2557 900 2612 hortus
925 2556 1027 2614 hahuit

150 2653 301 2712 licentiae.
316 2658 348 2710 et
371 2654 471 2710 soletis
485 2655 587 2730 queri:
611 2655 696 2711 Zeno
718 2654 834 2728 quidem
859 2648 1047 2752 estamplius

149 2755 247 2828 gebat.
274 2753 342 2828 quid
365 2754 463 2812 slioom
491 2752 666 2812 Albulium?
701 2771 768 2811 nem
794 2754 928 2810 Phaedro
951 2753 1027 2814 nihil

150 2854 325 2928 elegantius,
341 2854 415 2910 nihil
431 2852 592 2911 humanius.
610 2855 660 2910 sed
675 2853 910 2912 stomachabatur
924 2869 1026 2923 senex,

149 2951 175 3009 si
190 2953 259 3026 quid
273 2954 401 3027 asperius
423 2949 578 3012 dixeram?
598 2969 665 3010 oum
679 2951 822 3026 Epicurus
835 2951 1026 3010 contumelio·

149 3051 264 3110 sissimo
289 3052 480 3112 Aristotelem
503 3053 674 3136 vexaverits
697 3052 848 3112 Phaedoni
873 3053 1026 3112 Socratico

149 3151 315 3226 turpissime
341 3153 542 3212 maledixerit:
566 3152 736 3218 Metrodori,
760 3153 868 3210 sodalis
896 3152 950 3218 sui,
972 3153 1026 3210 ira·
1117 3225 1123 3243 Ι

150 3257 234 3321 trem,
250 3251 461 3324 Timocratem,
485 3252 552 3330 quia
577 3253 679 3314 neseio
692 3253 761 3330 quid
785 3253 823 3314 iu,
841 3251 1026 3326 philosophis
1054 3239 1063 3247 ⁵

180 3405 201 3440 ¹⁰
215 3407 301 3466 corpori
309 3407 403 3514 ‘'ffioeu‘i
433 3409 472 3458 Sis
483 3409 540 3458 Mes.
551 3414 597 3458 tres
607 3410 667 3472 opud
686 3408 811 3467 narratum,
823 3409 848 3454 lie
858 3412 881 3454 et
898 3407 972 3456 uuslt.
983 3424 1025 3471 pru

151 3467 347 3527 vulgatouffirsost.
380 3470 446 3515 hcet
457 3471 508 3516 edd.
521 3475 575 3516 vett.
589 3475 612 3517 ul
626 3471 678 3517 rlld.

180 3545 202 3576 ⁹⁰
216 3547 253 3592 sed
268 3549 350 3609 urmes]
368 3547 409 3596 int.
421 3549 511 3612 scripsit
529 3556 616 3610 contro,
635 3564 653 3599 s.
676 3563 730 3598 sose
746 3552 788 3598 est.
819 3547 894 3598 Valde
904 3561 928 3600 so
942 3547 997 3598 iuh.
1007 3549 1023 3596 l.

152 3608 238 3651 torsere
248 3606 330 3652 trustra
340 3606 382 3654 viri
393 3607 464 3656 docti.

194 3703 266 3744 sou.
289 3705 341 3746 xv.
593 3695 629 3748 27
