2552 4208
224 363 287 422 134
457 353 591 406 'I'UdGUIe
608 353 852 409 ouummonutu

221 508 338 581 propter
351 519 455 578 corpus
477 508 526 563 vel
546 505 758 572 recordatione,
773 506 820 561 vel
846 520 897 577 spe
921 500 1096 577 cogitentur.

221 603 361 680 numquid
378 609 423 661 est
446 602 548 664 eliud?
577 611 696 664 rectene
719 603 895 677 interpretor
915 605 1096 663 sententiam

220 701 323 786 tuam?
345 691 448 762 Solent
461 704 542 762 enim
561 704 611 762 isti
626 722 732 778 negare
753 721 806 762 nos
831 703 1005 778 intelligere,
1025 703 1096 778 quid

219 802 300 861 dicat
318 802 471 877 Epicurus.
493 804 550 862 hoe
573 804 656 871 dicit,
676 809 706 860 et
728 804 784 860 hoc
798 803 850 860 ille
871 803 1024 868 uorioulus,
1046 819 1093 860 me

219 901 367 967 audiente,
385 903 511 960 Athenis
525 921 617 961 senex
639 903 734 970 Zeno,
754 902 878 960 istorum
900 902 1094 971 acutissimus,

219 1003 408 1070 contendere,
422 1006 452 1060 et
472 1020 577 1078 magna
593 1019 667 1060 voce
681 1001 780 1059 dicere
791 989 925 1058 solebat:
946 1019 1012 1058 eum
1027 1018 1093 1058 esse

219 1101 346 1168 metum,
360 1101 410 1176 qui
424 1102 624 1175 praesentibus
646 1101 843 1174 voluptatibus
857 1100 1007 1167 imeretur,
1025 1113 1095 1158 con·

220 1199 380 1274 uideretque
402 1218 434 1257 ae
455 1200 605 1258 fruiturum
627 1201 726 1258 autin
746 1200 907 1269 omniunt
936 1200 967 1256 in
987 1215 1094 1274 magna

218 1305 300 1372 parte
322 1298 413 1366 vitoe,
437 1299 537 1357 dolore
558 1318 616 1358 non
638 1300 872 1358 interveniente:
901 1305 950 1356 aut
965 1296 990 1355 si
1004 1299 1093 1356 inter·

217 1397 382 1466 reniret‚‘si
396 1415 523 1456 summus
540 1399 623 1466 toret,
637 1400 762 1457 futurum
777 1401 912 1456 brevem:
933 1397 959 1454 si
972 1398 1093 1471 produo·

216 1495 283 1564 tior,
297 1499 361 1570 plus
385 1497 550 1556 habiturum
566 1499 700 1573 jucundi,
713 1517 800 1576 quum
815 1499 899 1558 moli:
922 1497 997 1556 haec
1011 1495 1090 1572 eogi-

216 1600 328 1654 tantem
348 1597 408 1655 tore
420 1598 548 1665 beatum,
563 1603 731 1673 praesertim
745 1601 772 1657 si
785 1605 817 1657 et
830 1597 928 1656 ⁷³aune
944 1596 1091 1672 perceptis

215 1695 300 1754 bonis
311 1687 466 1754 contentus
480 1704 567 1764 esset,
578 1717 634 1756 nec
646 1707 788 1766 mortem3
809 1715 865 1755 nec
874 1701 945 1756 deos
954 1698 1092 1756 extimes·

167 1792 304 1854 liceret.
347 1795 447 1852 Habes
467 1796 588 1854 turmam
608 1797 729 1868 Epicuri
752 1796 832 1852 vitae
854 1797 970 1865 metae,
993 1794 1090 1854 verbis

217 1893 350 1951 Zenonis
377 1911 556 1968 expressam,
580 1894 654 1952 nilril
683 1901 716 1952 ut
743 1895 834 1969 possit
857 1896 968 1970 negari.
1010 1897 1089 1970 Quid

165 1999 168 2005 '
215 1991 309 2068 ergo?
328 1993 452 2065 hujusne
468 1995 547 2050 vitoe
563 1995 731 2068 propositio,
745 1999 774 2052 et
785 1994 927 2069 cegitatio
940 2001 990 2052 out
1005 1996 1090 2069 Thy·

130 2138 131 2141 η
217 2096 305 2149 esten
319 2093 420 2148 levore
437 2092 551 2164 poterit,
564 2098 615 2149 aut
630 2095 767 2159 Aeetam,
780 2093 818 2148 de
831 2111 888 2168 quo
901 2094 999 2168 paullo
1022 2099 1091 2152 unte
1113 2081 1116 2088 ¹

216 2192 294 2261 dixi,
321 2197 371 2248 aut
401 2191 607 2259 Telamonem,
635 2193 748 2266 pulsum
767 2192 870 2264 patria,
896 2193 1090 2261 exsulantem,

214 2295 301 2368 atque
316 2296 452 2366 egentem
465 2287 476 2350 i
500 2290 530 2348 in
542 2309 599 2367 quo
610 2292 683 2348 haec
694 2291 849 2349 admiratio
861 2291 967 2350 tiebat:
992 2303 994 2306 ·

243 2427 340 2478 Hionine
351 2433 385 2475 est
395 2428 491 2476 Telamo
501 2427 549 2486 ille,
558 2429 626 2476 modo
635 2443 700 2496 quem
712 2429 785 2486 gloria
795 2428 824 2474 ad
833 2429 919 2477 eoelum
930 2425 1031 2478 extollet

243 2508 318 2560 tinem
329 2507 494 2571 aspectabant?
509 2508 569 2566 cujus
579 2507 609 2555 ob
618 2522 644 2555 os
654 2507 719 2566 Graii
728 2523 768 2556 ore
777 2507 925 2556 obvertebant
934 2523 981 2556 aua.

254 2633 341 2707 Quod
366 2631 391 2690 si
405 2631 463 2700 oui,
485 2629 509 2694 ⁷⁴,
517 2636 548 2689 ut
562 2629 604 2688 ait
625 2629 713 2700 idem,
737 2631 821 2690 simul
841 2631 955 2690 animus
969 2648 1036 2694 cum
1054 2649 1087 2690 re

211 2734 353 2800 concidit,
373 2751 390 2790 a
404 2733 540 2808 gravibus
555 2731 614 2790 illis
627 2732 754 2808 antiquis
766 2733 946 2806 philosophis
961 2733 1088 2805 petenda

211 2834 360 2894 medicina
375 2838 428 2901 est,
443 2851 502 2891 non
521 2834 558 2890 ab
578 2833 622 2890 his
647 2831 827 2906 voluptariis.
843 2849 929 2907 quom
943 2830 1022 2889 enim
1037 2827 1087 2889 isti

211 2933 355 2992 bonorum
379 2931 495 3006 copiam
519 2929 646 2990 dieunt?
679 2933 725 2990 loo
756 2949 828 2988 sane
855 2948 919 2987 esse
944 2947 1086 2989 summum

212 3030 331 3098 bonnm,
342 3048 400 3088 non
415 3033 710 3105 dolerequamquam
731 3031 761 3087 id
776 3047 834 3086 non
850 3036 973 3087 vocatur
987 3032 1087 3104 volup·

211 3134 266 3188 tus.
285 3132 338 3188 sed
352 3148 412 3188 non
428 3145 549 3186 necesse
571 3135 615 3184 est
631 3145 708 3184 nuno
728 3129 835 3184 omnia.
858 3129 928 3185 idne
950 3133 1004 3196 est,
1028 3146 1087 3203 quo

212 3229 338 3288 traducti
353 3232 463 3290 luctum
485 3223 639 3284 levemus?
659 3224 697 3283 sit
718 3245 789 3283 sane
811 3245 953 3285 summum
968 3229 1086 3298 malum,

210 3329 319 3386 dolere.
334 3329 365 3385 in
381 3346 417 3385 eo
431 3327 528 3401 igitur,
543 3325 666 3399 quinon
680 3332 733 3393 est,
747 3325 772 3382 si
791 3329 870 3383 malo
892 3333 1000 3393 careat,
1015 3345 1085 3384 con·

209 3426 331 3484 tinuone
355 3427 457 3484 truitur
477 3441 589 3482 summo
613 3422 710 3483 bono?
745 3425 822 3499 Quid
850 3427 1083 3502 tergiversamur,

240 3581 265 3614 u
278 3584 330 3626 anu
345 3580 540 3641 permensione]
573 3580 738 3629 nesteron.
755 3581 817 3630 auu
828 3554 888 3630 auae
897 3579 1085 3640 mammenus

210 3645 236 3689 ut
245 3639 307 3686 Junt.
321 3639 380 3699 quod
390 3639 480 3700 repetiit
491 3639 608 3686 Grutenn.

241 3719 264 3752 ⁷⁴
279 3717 347 3768 stan
357 3717 426 3784 idern]
446 3718 488 3768 int.
500 3721 582 3780 polite,
593 3717 687 3778 unuin.
