3354 4234
678 371 926 450 transeamus.
1199 381 1240 440 39

369 526 420 601 qui
435 520 591 582 errantium
616 524 765 580 stellarum
787 539 896 589 cursus,
914 520 1140 596 ‘regressiones
1162 523 1243 580 insti·
1319 542 1329 558 ·
1374 557 1381 566 ·

372 615 467 681 sionei
482 619 623 681 notavit?
642 639 744 695 omnes
764 620 881 694 magni:
902 619 991 677 eliam
1011 623 1244 741 superioresque

371 723 475 796 fruges,
496 721 545 796 qui
561 721 709 788 vestitum,
723 719 772 795 qui
792 708 882 787 tecte,
905 720 953 794 qui
968 721 1077 777 cultum
1092 722 1181 789 vitae,
1195 722 1244 797 qui

371 821 517 895 praesidis
531 826 633 878 contre
656 820 730 878 ieras
744 821 937 878 invenerunt:
958 837 976 876 e
997 821 1099 895 quibus
1113 835 1258 878 mansue-⁵

372 919 443 977 secti
465 925 494 976 et
506 920 627 987 exculti,
641 937 658 976 a
673 919 844 978 necessariis
858 918 990 976 artificiis
1004 921 1040 976 ad
1065 921 1244 994 elegantiore

372 1017 557 1076 defluximus.
579 1037 647 1077 nam
662 1027 691 1076 et
716 1018 831 1076 auribus
853 1018 1013 1075 oblectatio
1037 1036 1141 1090 magns
1162 1023 1244 1092 parta

372 1119 563 1185 estimenta
584 1124 614 1176 et
636 1122 796 1191 temperate
811 1117 965 1183 verietate,
980 1122 1011 1172 et
1035 1123 1136 1174 natura
1160 1134 1244 1174 sono

371 1235 451 1274 sum:
473 1222 503 1274 ct
527 1223 603 1275 astra
627 1218 819 1290 suspeximus,
841 1222 902 1274 tum
917 1234 961 1283 eo,
975 1233 1047 1291 quae
1061 1221 1128 1272 suut
1152 1215 1247 1273 inlisa

370 1317 459 1374 certis
484 1315 564 1385 locis,
592 1321 652 1373 tuns
679 1317 732 1373 illa
746 1335 805 1374 non
820 1333 861 1383 re,
875 1318 926 1372 sed
949 1317 1094 1372 vocabulo
1107 1315 1243 1371 errantia.

373 1433 492 1490 quorum
506 1415 723 1482 conversiones,
745 1433 903 1490 omnesque
925 1420 1019 1472 motus
1038 1413 1109 1488 ⁵qui
1130 1413 1245 1471 enimus

373 1512 460 1578 vidit,
481 1513 505 1567 is
519 1513 627 1580 docuit,
641 1514 767 1570 similem
779 1514 908 1570 animum
927 1531 1009 1570 suum
1023 1513 1084 1585 ejus
1107 1531 1180 1580 esse,
1195 1513 1244 1587 qui

372 1627 410 1667 es
424 1609 578 1666 fabricatus
593 1615 669 1666 esset
683 1609 714 1667 iu
733 1613 827 1667 caelo.
869 1612 947 1666 Nam
967 1628 1033 1666 cum
1050 1612 1244 1668 Archimedes

373 1711 470 1779 lunae,
480 1709 559 1776 solis,
573 1708 700 1783 quinque
714 1709 872 1765 errantium
887 1713 981 1767 motus
995 1706 1026 1764 in
1047 1709 1198 1781 sphaeram
1211 1707 1244 1765 il-

372 1810 488 1884 ligavit,
502 1810 600 1868 effecit
621 1809 709 1877 idem,
722 1809 798 1883 quod
813 1808 874 1875 ille,
894 1808 943 1881 qui
968 1807 999 1864 in
1025 1807 1152 1864 Timaeo
1165 1824 1246 1864 muu-

373 1911 442 1967 dum
456 1907 625 1966 aedificavit
646 1905 779 1964 Platonis
792 1906 873 1973 deus,
886 1913 918 1964 ut
942 1905 1077 1964 tarditate
1092 1912 1121 1962 et
1144 1905 1245 1963 celeri·
1299 1908 1317 1942 ⁸

375 2012 435 2064 tete
468 2005 678 2064 dissimillimos
713 2008 808 2063 molus
841 2023 900 2063 una
934 2010 1046 2080 regeret
1080 2005 1243 2062 conversio.

375 2107 461 2179 Quod
475 2105 500 2162 si
514 2105 545 2162 in
560 2106 615 2162 hoc
640 2105 748 2162 mundo
766 2103 829 2162 fieri
852 2104 917 2161 sine
931 2105 987 2162 deo
1009 2123 1069 2161 non
1090 2109 1193 2178 potest,
1207 2121 1245 2161 ne

373 2205 406 2262 in
429 2207 550 2278 sphaere
571 2204 688 2276 quidem
714 2205 834 2260 eosdem
858 2209 951 2261 molus
967 2204 1160 2261 Archimedes
1181 2202 1245 2260 sine

374 2303 479 2360 divino
496 2303 616 2378 ingenio
629 2303 770 2376 potuisset
784 2303 900 2360 imitari.
943 2303 1020 2360 Mihi
1036 2321 1106 2360 vero
1120 2321 1157 2360 nc
1171 2305 1244 2359 haec
1257 2297 1297 2355 26

374 2401 491 2476 quidem
515 2403 637 2470 notiore,
650 2407 681 2460 et
695 2403 850 2460 illustriore
864 2419 962 2460 cerere
977 2403 1009 2460 vi
1023 2402 1126 2460 divine
1146 2403 1246 2460 viden-

376 2510 431 2568 tur‚
450 2499 503 2558 “ut
526 2519 580 2576 ego
605 2506 655 2559 sut
682 2501 800 2576 po'e‘tsm
821 2504 1108 2576 greveplenumque
1128 2519 1247 2562 carmen

375 2599 440 2657 sine
454 2601 577 2657 caelesti
591 2601 687 2676 aliquo
709 2603 816 2661 mentis
836 2601 977 2659 instinctu
1000 2607 1097 2676 putem
1117 2602 1247 2670 sundere,

405 2757 417 2790 ⁴
429 2757 598 2816 progressiones,
608 2757 787 2860 institutiones}3
807 2759 845 2806 sic
857 2759 924 2816 vulgo
942 2760 1026 2806 editum
1043 2763 1083 2805 est.
1117 2761 1149 2808 At
1158 2763 1248 2808 institer-

375 2816 444 2862 tiones
454 2817 489 2862 hic
499 2830 635 2862 sensumuon
644 2815 735 2862 habent.
788 2817 908 2862 cinerarius
919 2817 1002 2877 primus
1016 2818 1111 2864 correxit
1126 2819 1249 2866 institiones

376 2881 401 2921 st
417 2890 446 2921 ue
460 2874 538 2921 edidit.
570 2874 696 2930 Manutius,
723 2874 800 2920 humb.
827 2877 905 2922 eodem
925 2877 991 2922 modo
1013 2877 1094 2934 corrigi
1119 2879 1247 2926 voluerunt.

376 2933 411 2982 Bu
429 2933 487 2980 erius
503 2933 602 2979 malebat
618 2931 771 2990 insecutiones,
783 2934 812 2980 ob
830 2935 963 2980 antecedens
976 2935 1146 2992 progressiones,
1168 2939 1204 2983 vel
1223 2945 1249 2983 ut

374 2993 462 3098 ppapuit
471 2993 582 3062 nonnullis
592 2991 758 3095 receptipsilrus,
774 2993 926 3064 regressiones.
937 3009 987 3040 nans
1006 2993 1109 3041 Davisius
1118 2996 1208 3065 spddem
1218 2996 1250 3042 sic

374 3053 1250 3171 ists?{sitististtthtttdistitiinstitistitt

375 3171 431 3218 Nat.
445 3171 474 3217 D.
492 3171 522 3226 lt,
534 3173 571 3218 2⁰.
582 3183 693 3229 regressus
702 3170 797 3217 tribuit:
814 3187 864 3218 eum
874 3173 1025 3230 secutusisum.

406 3249 470 3310 ⁵pui
491 3251 581 3296 ursimus
600 3248 665 3311 vidit]
688 3249 765 3296 durior
779 3251 857 3296 modus
875 3249 990 3311 loquendi.
1022 3249 1136 3306 Bentlejsrs
1153 3249 1249 3296 correxit

376 3308 451 3354 enimc
462 3328 469 3353 .·
485 3311 522 3354 scd
533 3309 555 3354 id
567 3308 629 3355 nimis
639 3309 743 3364 generale
753 3317 794 3355 est.
826 3307 888 3355 Mihi
897 3315 989 3355 venerat
999 3309 1021 3356 in
1039 3315 1135 3356 mentem
1143 3311 1231 3368 primus
1242 3331 1249 3356 :

376 3365 410 3412 ila
425 3367 471 3412 vidi
482 3367 590 3427 placuisse
598 3375 621 3413 et
632 3367 736 3414 Buherio.
748 3383 789 3414 uec
801 3367 880 3414 dubito
890 3368 913 3414 id
924 3383 1000 3415 verum
1016 3383 1070 3414 esse.

407 3445 418 3476 ⁶
433 3450 459 3492 ut
468 3460 505 3503 egr
522 3449 664 3502 culpabilem,
674 3445 728 3506 etc]
745 3447 829 3492 clerum
838 3451 880 3504 est,
891 3446 1015 3506 negationis
1025 3447 1156 3508 particulam
1168 3447 1189 3493 in
1206 3449 1248 3495 hac

376 3504 487 3548 sententia
495 3505 580 3550 deesse.
591 3519 641 3549 etun
657 3505 746 3564 pulavit
756 3505 850 3551 reddere
859 3521 883 3551 se
892 3505 995 3553 Davisius
1006 3521 1046 3568 pro
1055 3509 1168 3552 usstedens
1177 3508 1246 3554 tant.

374 3561 419 3606 Sed
429 3567 462 3606 est
471 3562 506 3608 hic
516 3563 592 3608 alieno
602 3563 683 3608 iocosi
695 3564 731 3610 hic
741 3565 881 3622 negationem
889 3566 973 3611 addere
983 3566 1097 3622 voluisset,
1107 3565 1199 3614 dixisset
1209 3582 1248 3612 nec

377 3623 481 3726 ppeel'ltpurpn
491 3645 501 3655 -
510 3635 550 3668 nec
560 3621 711 3682 eloquentiam.
744 3623 815 3684 igitur
824 3637 869 3672 nen
879 3623 926 3670 elio
935 3623 992 3684 loco,
1003 3633 1027 3673 ui
1037 3629 1090 3672 ente
1104 3630 1188 3684 putem,
1209 3639 1248 3687 ΡΦ
