2552 4208
233 335 273 394 ῃ
463 325 602 376 TUSCUIu
623 321 866 380 curcedomus

233 482 303 545 tete,
318 493 403 552 quem
426 475 513 534 linxit
533 475 593 544 ille,
615 493 682 534 cum
703 491 797 532 mores
821 472 958 547 optimos,
980 476 1011 531 et
1031 475 1106 550 opti·

233 595 312 634 mum
337 575 513 649 reipublicae
535 581 642 633 stetum
664 577 840 649 exquireret.
884 575 927 632 At
949 591 1105 643 veronus,
1176 601 1183 611 -

234 676 313 734 docti
327 676 442 734 scilicet
460 675 629 741 eGreecie,
644 676 716 732 tinec
741 680 802 733 ets
826 672 951 747 pueritie
972 673 1111 754 legimus,

233 781 263 832 el
278 776 434 832 discimus:
465 775 542 832 hunc
557 772 748 832 eruditionem
772 773 931 842 liberalem,
955 779 986 830 et
999 772 1106 830 doctri·

196 887 200 892 '
233 881 457 948 nemp'utamus.
565 891 575 910 ·
623 877 626 884 ’

181 963 222 1024 12
274 975 333 1030 Sed
344 973 412 1048 quid
427 972 523 1046 politis
538 967 713 1030 irascimur?
733 971 850 1029 virtutis
871 969 1001 1044 magistri
1016 969 1118 1044 philo·-

230 1073 345 1144 losophi
368 1072 484 1129 inventi
504 1077 580 1138 sunt,
607 1071 655 1145 qui
679 1088 821 1128 summum
843 1073 952 1128 mnium
975 1071 1106 1129 dolorem

230 1171 371 1228 dicerent.
392 1175 423 1227 nt
444 1176 473 1227 tu
494 1171 677 1236 adolescens,
696 1187 762 1226 cum
783 1169 813 1226 id
838 1169 891 1227 tibi
915 1171 1012 1242 peullo
1036 1174 1104 1226 ente

230 1269 356 1326 dixisses
370 1269 476 1337 videri,
500 1275 648 1342 rugulusu
671 1285 728 1335 me,
753 1268 882 1326 etiamne
903 1269 1006 1342 medus,
1020 1285 1107 1342 quem

231 1369 369 1436 dedecus,
389 1369 481 1424 verbo
501 1369 537 1424 de
561 1366 707 1424 sententie
728 1367 875 1425 destitisti.
914 1364 1028 1442 ³⁸Rogo
1047 1369 1105 1426 hoc'

231 1467 310 1524 idem
336 1467 513 1539 Epicurum:
550 1467 643 1541 majus
667 1466 747 1523 dicet
769 1483 833 1522 esse
856 1469 973 1533 melum,
998 1465 1106 1524 medio·

230 1583 309 1622 crem
321 1569 461 1635 dolorem,
474 1584 560 1641 quem
573 1565 732 1646 maximum
744 1565 880 1622 dedecus
902 1566 933 1622 in
947 1566 1011 1638 ipso
1025 1565 1106 1624 euim

229 1667 373 1724 dedecore
408 1666 478 1724 meli
506 1664 581 1725 nihil
608 1685 684 1734 esse,
711 1663 770 1723 nisi
796 1669 954 1740 sequentur
980 1667 1104 1722 dolores.

229 1767 292 1839 quis
307 1767 395 1840 igilur
409 1767 568 1838 Epicurum
583 1766 711 1838 sequitur
730 1765 822 1830 dolor,
843 1781 911 1822 cum
932 1764 989 1822 hoc
1010 1765 1106 1836 ipsum

229 1862 315 1932 dicit,
342 1881 486 1920 summum
514 1865 621 1920 melum
649 1881 713 1920 esse
733 1863 874 1932 dolorem,
894 1881 952 1936 quo
978 1864 1105 1922 dedecus

229 1964 324 2035 maJus
349 1979 367 2018 s
388 1943 562 2035 philosopho
585 1963 697 2019 nullum
724 1959 889 2035 exspecto?
920 1979 1008 2038 quere
1033 1963 1105 2021 sutis

229 2061 303 2118 mihi
327 2059 444 2128 dedisti,
458 2077 526 2118 cum
550 2061 734 2134 respondisti,
755 2061 847 2135 majus
862 2061 915 2120 tibi
930 2061 1024 2120 videri
1045 2075 1104 2120 ma·

229 2162 299 2227 lum,
311 2160 449 2227 dedecus,
463 2176 549 2233 quem
563 2161 701 2217 dolorem.
716 2161 773 2217 hoc
788 2161 881 2234 ipsum
893 2159 1009 2218 enimsi
1024 2167 1104 2218 lene·

230 2258 285 2326 bis,
300 2258 459 2333 intelliges,
473 2275 558 2333 qusm
573 2258 610 2316 sit
630 2261 830 2319 obsistendum
851 2260 952 2318 dolori.
968 2277 1024 2318 nec
1043 2266 1104 2320 tsm

230 2358 426 2432 quaerendum
440 2362 494 2425 est,
508 2359 592 2415 dolor
610 2362 758 2416 mutumne
779 2359 826 2429 sit,
847 2379 933 2434 quem
947 2361 1103 2420 firmandus

229 2457 342 2514 enimus
357 2459 394 2515 ed
407 2459 536 2515 dolorem
550 2457 711 2516 ferendum.
750 2455 772 2492 ³⁷
783 2459 971 2518 Concludunt
996 2461 1103 2536 ratiun-

228 2559 309 2615 c'ulss
323 2557 426 2627 Stoici,
438 2575 491 2616 cur
504 2575 563 2615 nnn
576 2557 614 2614 sit
631 2561 760 2618 melum:
782 2559 864 2633 qussi
878 2562 914 2617 de
929 2537 1030 2629 verbo,
1044 2578 1103 2618 non

227 2656 265 2716 de
281 2676 311 2716 re
326 2659 479 2716 laboretur.
522 2657 600 2730 Quid
615 2675 661 2714 me
682 2659 804 2731 decipis,
826 2656 934 2718 Zeno?
953 2664 1021 2726 neni
1035 2675 1104 2718 cum

227 2759 267 2826 id,
282 2759 356 2832 quod
382 2758 457 2816 milri
481 2757 619 2814 horribile
646 2757 770 2825 videtur,
795 2763 825 2814 tu
847 2759 968 2817 omnino
994 2763 1103 2817 melum

227 2875 291 2915 esse
307 2875 407 2932 neges,
422 2857 532 2930 capior,
547 2861 577 2916 et
598 2856 673 2914 scire
687 2856 784 2930 cupio,
803 2875 861 2932 quo
876 2859 961 2916 modo
973 2859 1013 2927 id,
1026 2859 1104 2934 quod

228 2975 283 3030 ego
311 2956 501 3014 miserrimum
522 2957 698 3024 existimem,
723 2974 760 3014 ne
782 2940 889 3014 mulum
910 2957 1025 3032 quidem
1053 2958 1100 3016 sit.

229 3055 313 3112 Nihil
329 3059 382 3122 est,
397 3054 500 3128 inquil,
515 3055 632 3121 melum,
646 3055 704 3112 nisi
717 3057 792 3129 quod
808 3063 901 3130 turpe,
916 3061 1001 3131 elque
1016 3057 1103 3114 vitio-

229 3169 292 3209 sum
313 3157 367 3210 est.
411 3153 460 3210 Au
484 3152 609 3225 ineptias
636 3151 721 3210 redis.
744 3153 816 3212 illud
842 3157 930 3228 enim,
954 3157 1030 3230 quod
1054 3173 1102 3212 me

228 3255 364 3328 ungebat,
378 3251 564 3312 nonenimis.
577 3251 638 3310 scio
649 3253 777 3314 dolorem
787 3273 846 3314 non
857 3273 920 3314 esse
932 3255 1101 3330 nequitiem,

258 3427 281 3460 ³⁶
295 3427 357 3486 Rogo
365 3429 404 3476 isne
417 3429 435 3474 i.
452 3427 508 3488 En]
540 3427 593 3474 Sine
603 3428 672 3476 dubio
682 3431 799 3490 legendum
809 3431 880 3489 Roga.

259 3506 282 3539 ³¹¹
298 3507 442 3554 Concludunt
451 3507 610 3569 ratiunculas]
642 3509 679 3557 sic
696 3525 709 3556 e
730 3511 786 3557 Mss.
804 3515 828 3556 et
843 3511 878 3556 ed.
895 3512 941 3556 ret,
960 3507 1065 3556 Davisius
1078 3512 1103 3554 et

231 3565 347 3610 Buherius.
358 3581 399 3624 pro
414 3568 506 3624 vulgato
523 3568 665 3616 ratiunculis.
696 3569 778 3620 Cicero
796 3576 820 3618 et
837 3569 893 3618 alibi
903 3569 962 3618 dixit
970 3568 1102 3618 concludere

231 3623 348 3670 rationem.
375 3624 412 3672 Sic
421 3630 444 3672 et
453 3625 502 3674 Ms.
518 3625 594 3680 Guslt.
