2558 4198
228 231 293 294 ³10
490 223 856 278 nnnsrunsnuonum

229 393 311 444 vero,
324 379 355 433 st
368 391 454 450 quarn
470 376 552 435 varia
564 393 674 451 genera
697 375 855 436 bestiamm
875 377 927 434 vel
947 373 1113 448 einum,

229 477 280 534 rel
304 473 452 534 lemnum?
478 475 528 550 qui
555 479 707 534 voluerum
735 477 842 549 lapsus,
863 483 950 552 atque
973 487 1078 536 eantur
1094 477 1122 537 l·

230 575 279 650 qui
301 575 444 650 peaudum
457 573 578 647 pastus?
608 593 683 650 quse
704 575 767 634 rita
781 573 983 634 silvestrium?
1024 578 1111 649 Quid

224 673 289 750 Jaor
303 675 340 732 de
354 674 503 734 bominum
526 691 633 748 genere
657 672 775 733 dicam?
802 675 852 747 qui
871 675 953 749 quasi
976 677 1109 734 cultores

232 781 326 836 terrae
339 773 502 840 nonnum,
515 790 574 832 non
586 774 744 847 patiuntur,
766 791 831 832 eam
847 791 903 832 neo
918 776 1107 834 immanitate

231 875 382 934 belesmum
405 872 528 940 efferari,
548 889 605 930 neo
632 873 764 946 stirpium
788 872 943 946 asperitate
973 874 1107 932 vastari:

232 991 407 1050 quommque
421 975 558 1046 operibus
571 973 643 1047 agri,
656 972 779 1040 insulse,
790 972 930 1045 litoraque
944 973 1107 1042 oolluoent,

230 1073 371 1134 distinata
395 1074 492 1141 tentis,
523 1079 555 1130 et
582 1072 708 1130 urbibus.
763 1072 846 1143 Quae
870 1071 904 1138 si,
928 1079 960 1128 ut
986 1071 1107 1144 animis,

230 1173 274 1232 sio
288 1172 381 1230 oeulis
406 1173 507 1231 ridere
528 1189 684 1244 possemus,
714 1189 802 1228 nemo
824 1177 961 1228 sunniam
983 1170 1106 1230 intuens

231 1277 347 1340 terram,
360 1272 397 1328 de
411 1272 515 1328 divina
526 1271 637 1329 ratione
659 1270 815 1328 dubitaret
855 1271 898 1330 At
912 1287 983 1328 vero
994 1275 1107 1344 quante

231 1372 318 1430 maris
339 1377 384 1428 est
406 1368 595 1444 pulcritudo?
627 1387 701 1444 quae
720 1370 836 1444 speeies
858 1366 1008 1428 universi?
1027 1387 1105 1444 quse

231 1471 387 1531 multitudo
407 1475 437 1528 et
461 1471 587 1528 varietas
611 1467 793 1529 insularum?
811 1487 886 1546 quae
908 1469 1105 1528 amoenitates

232 1587 346 1630 orarum
365 1573 397 1626 et
417 1565 556 1626 litorum?
584 1572 653 1644 quot
673 1585 791 1642 genera,
813 1583 954 1642 quemque
974 1567 1105 1640 disperio

232 1671 336 1746 purtim
351 1671 570 1735 submersarum,
590 1668 692 1742 partim
707 1667 880 1726 fluitantium
894 1673 923 1722 et
938 1665 1104 1728 innantium

225 1769 391 1837 beluarum,
404 1771 509 1842 partim
518 1769 553 1826 ad
565 1785 637 1825 sexa
651 1765 760 1826 nativis
774 1765 855 1823 testis
866 1761 1102 1824 inhaerentium?

234 1867 333 1942 Ipsum
356 1875 453 1928 autern
478 1887 557 1926 mere
582 1867 649 1925 ⁹sie
677 1872 782 1925 terrem
806 1873 947 1939 appetens
973 1864 1104 1924 litoribus

233 1966 334 2030 eludit,
357 1971 388 2022 ut
409 1985 466 2024 uno
487 1986 525 2024 ex
547 1968 657 2026 duabus
682 1967 790 2024 naturis
811 1965 936 2024 conflata
960 1963 1102 2020 videatur.

178 2137 180 2139 Ι
234 2065 351 2123 Exinde
366 2063 437 2121 mari
459 2064 598 2121 finitimus
613 2063 672 2129 aer,
696 2063 774 2121 ¹⁰die
789 2070 818 2123 et
841 2071 929 2122 noete
953 2063 1104 2138 distingui·

235 2169 292 2222 tnr:
307 2163 386 2237 isque
398 2166 457 2218 tum
467 2161 553 2228 lusus,
563 2169 592 2218 et
602 2167 776 2218 extenuatus
787 2164 910 2222 sublime
922 2163 1027 2232 tertur3
1043 2173 1104 2222 tum

234 2267 331 2320 autem
345 2247 497 2318 ooneret'us
510 2260 541 2317 in
554 2264 644 2319 nubes
658 2261 781 2337 cogitur,
800 2264 1006 2337 humoremque
1020 2261 1102 2319 oolli-

234 2379 307 2437 gens
318 2364 421 2418 terram
430 2367 516 2434 auget
527 2360 682 2420 imbribus:
704 2369 763 2419 tum
779 2364 899 2419 effluens
912 2364 968 2419 bue
981 2369 1011 2418 et
1021 2361 1101 2429 illue,

234 2459 448 2518 ventosefficit.
471 2461 554 2518 luem
568 2480 678 2520 annuas
692 2462 826 2536 frigorum
842 2467 870 2517 et
886 2465 1016 2520 uelorum
1030 2460 1102 2530 tseit

235 2561 410 2618 varietates:
445 2559 580 2634 idemque
602 2567 632 2618 et
654 2555 767 2618 iolutus
787 2563 891 2620 alitum
914 2563 1048 2630 sustinet,
1072 2559 1112 2620 et'

181 2662 225 2724 40
235 2660 336 2732 spiritu
361 2660 465 2718 duetus
493 2659 544 2715 alit
566 2665 596 2716 et
618 2665 759 2718 sustentat
784 2661 957 2718 animantes.
999 2662 1101 2720 Restat

235 2761 362 2826 ultimus,
375 2765 406 2816 et
419 2776 437 2815 a
450 2758 607 2816 domiciliis
624 2759 727 2817 nostris
749 2759 914 2826 altissimus,
927 2761 1026 2818 omniu
1039 2761 1099 2820 ein·

236 2879 307 2936 gens
328 2866 356 2916 et
379 2857 521 2916 eobreens
545 2860 622 2916 caeli
636 2861 821 2932 ,complexus
843 2861 892 2933 qui
905 2859 983 2917 idem
1004 2863 1103 2919 aether

236 2966 366 3027 sonatur,
379 2963 512 3018 extremo
525 2976 575 3017 ora
588 2967 619 3016 et
632 2958 837 3016 determinatio
856 2959 970 3016 mundi:
992 2960 1022 3018 in
1037 2978 1101 3034 quo,

237 3113 752 3243 n·titudffillilbilit‘ltitl
767 3110 1103 3235 ,iilsliislzlf‘iiilli

236 3235 342 3283 Davisius
353 3240 449 3292 reposuit
460 3233 551 3288 alludit,
562 3232 620 3292 quod
632 3238 694 3278 certe
708 3232 795 3279 laertius
810 3238 850 3278 est.
862 3239 885 3278 et
902 3233 934 3278 ita
951 3233 972 3279 in
983 3234 1024 3280 bac
1034 3247 1059 3278 re
1068 3238 1101 3280 est

236 3301 259 3340 st
268 3295 347 3353 Topie.
357 3298 377 3338 7.
388 3293 425 3336 ubi
436 3297 510 3338 tamen
521 3291 589 3336 eriam
598 3291 646 3337 libri
658 3291 748 3351 quidam
759 3293 857 3338 eluderet
864 3293 952 3338 habent.
962 3293 1016 3338 mibi
1027 3293 1102 3352 plneet

235 3354 316 3399 cludit.
328 3351 342 3397 l.
361 3366 380 3397 e.
392 3350 611 3406 ambiqeircundst.
623 3351 709 3398 numid
727 3353 867 3412 sequentibus
883 3356 909 3398 ut
924 3367 971 3399 unu
989 3367 999 3396 a
1014 3353 1100 3399 duales

234 3411 325 3458 rupturis
334 3409 426 3470 corfinto
436 3411 540 3458 viderim
559 3410 637 3456 melius
647 3411 757 3466 convenit,
768 3412 911 3473 quameludis
920 3420 943 3456 et
951 3411 1041 3458 alludit.

234 3489 374 3596 ’baffia
390 3494 452 3538 noete
474 3489 635 3551 distlrrpmtur]
664 3504 744 3552 nempe
768 3491 850 3552 speeie,
876 3491 914 3538 die
933 3491 1015 3548 clarus,
1036 3493 1100 3538 noete
