2548 4208
480 327 747 390 munauurnrus.
785 333 790 344 ·
978 335 1045 398 pan

175 479 341 558 phitosophi
354 477 508 552 spectandi
521 483 598 549 sunt,
623 479 675 538 sed
688 495 728 537 ex
751 475 944 553 perpetuitate
958 481 1046 554 atque

174 580 352 642 constantia.

216 684 255 741 A.
271 677 403 752 Adducis
417 683 515 748 me,ut
526 675 579 737 tibi
594 678 745 738 assentiar.
787 678 847 737 Sed
862 683 910 736 tua
923 693 1045 754 quoque,
1056 675 1100 736 11.

173 779 255 847 vide,
269 773 307 836 'sse
320 779 500 836 desideretur
512 779 687 854 comtantia.
729 777 771 836 M.
794 778 927 851 Quonam
937 773 1046 835 modoi

175 881 217 940 A.
239 876 316 951 Quia
331 878 386 952 tegi
402 883 482 936 tuum
510 896 601 952 nuper
623 883 755 953 quartum
775 877 814 934 de
835 876 967 934 Finibus.
1009 876 1047 934 ln
1142 907 1150 928 .

174 995 213 1036 eo
240 976 311 1034 mihi
340 977 485 1048 videbare,
512 981 615 1035 crsutra
642 977 788 1036 Catonem
807 975 969 1040 disserens,
990 972 1047 1032 hoc

128 1083 129 1090 ’
174 1079 256 1135 vetie
269 1078 431 1144 ostendere,
460 1075 567 1151 “qnod
582 1075 653 1134 mibi
674 1075 792 1150 quidem
813 1075 956 1148 probatur,
970 1073 1048 1130 inter

177 1175 330 1234 Zenonem
357 1181 388 1232 et
414 1175 627 1250 Peripateticos
651 1175 725 1232 nituit
753 1179 868 1245 praeter
894 1173 1047 1232 verbenam

175 1275 340 1334 novitate-m
352 1275 502 1331 interesse.
535 1274 657 1347 Quodsi
671 1275 712 1332 itu
725 1277 779 1338 est,
790 1271 858 1346 quid
873 1278 916 1330 est
930 1289 1047 1339 causae,

120 1421 131 1434 ,
174 1375 254 1450 quin,
265 1375 290 1430 si
307 1374 440 1430 Zenonis
456 1373 559 1430 rationi
579 1379 809 1430 consentaneum
823 1372 870 1434 sit,
884 1371 955 1428 satis
970 1389 1047 1446 mag-

140 1493 143 1504 ·
174 1489 244 1531 nam
261 1473 321 1530 vim
334 1473 367 1529 in
382 1471 491 1528 virtute
512 1489 575 1528 esse
598 1473 634 1528 ad
657 1473 742 1527 beate
765 1471 935 1536 visendum,
958 1470 1048 1526 liceat

176 1571 255 1628 idem
270 1569 475 1644 Peripateticis
488 1567 610 1628 diceret
629 1585 690 1626 rem
703 1569 781 1624 enim
797 1570 900 1639 opinor
921 1565 1049 1638 spectari

175 1677 319 1744 oportere,
334 1686 392 1726 non
414 1670 515 1725 verba.
557 1668 600 1724 M.
623 1667 674 1722 Tu
693 1667 809 1740 quidem
828 1664 850 1696 ²⁵
865 1665 983 1721 tabettis
1000 1667 1048 1722 ob

175 1768 299 1842 signatis
312 1768 374 1842 agis
395 1783 519 1833 mecum,
534 1771 564 1824 et
578 1766 753 1834 testificaris,
767 1766 836 1839 quid
850 1764 974 1822 dixerim
996 1765 1048 1822 aii·

176 1868 300 1943 quando,
315 1872 362 1923 aui
382 1865 556 1938 scripserim.
599 1866 675 1923 (ium
697 1865 764 1922 atiis
777 1866 835 1920 isto
854 1865 950 1930 modo,
969 1862 1048 1939 ³⁰qui

92 2039 98 2051 .
173 1965 287 2040 iegibus
303 1965 444 2034 impositis
458 1966 617 2038 disputant.
659 1965 721 2022 Nos
736 1967 766 2022 in
790 1963 869 2020 diem
891 1960 1047 2022 vivimus?

175 2067 375 2141 quodcumque
397 2073 507 2122 nostros
528 2065 641 2122 animos
664 2066 867 2138 probabilitate
896 2063 1047 2138 percussit,

175 2166 207 2224 id
220 2165 352 2224 dicimus.
367 2168 464 2239 itaque
474 2165 528 2222 soii
543 2183 640 2222 sumus
653 2165 744 2223 tiberi.
761 2172 963 2228 veruntamen,
978 2181 1047 2239 quo·

176 2263 257 2322 niam
270 2265 307 2320 de
321 2265 487 2321 constantia
503 2266 600 2336 pautio
614 2271 682 2321 ante
697 2265 833 2332 diximus,
848 2281 906 2322 non
921 2279 976 2339 ego
990 2265 1048 2322 hoo

78 2345 86 2363 ⁸
177 2363 245 2420 ioco
260 2361 288 2418 id
313 2363 507 2435 quaerendum
522 2367 601 2432 puto,
617 2380 755 2419 verumne
775 2364 822 2428 sit,
836 2365 911 2436 qnod
928 2361 1048 2420 Zenoni

61 2490 66 2502 ·
179 2459 332 2532 ptacuerit,
358 2461 489 2531 quodque
517 2457 578 2530 ejus
607 2459 740 2526 auditori,
770 2460 913 2528 Aristoni,
941 2464 1048 2520 bonum

180 2574 245 2614 esse
259 2557 361 2622 sotum,
375 2556 449 2628 quod
475 2556 628 2614 honestum
653 2562 747 2614 esset:
766 2559 828 2624 sed,
851 2558 878 2614 si
898 2559 939 2614 ita
963 2565 1049 2629 esset,

179 2655 200 2688 θ’
212 2663 272 2714 tum
287 2660 317 2710 ut
332 2655 387 2711 hoc
397 2731 398 2734 Ἴ
408 2658 509 2721 totum,
523 2636 607 2712 berite
623 2655 734 2724 vivere,
756 2655 786 2712 in
802 2671 859 2713 una
880 2656 987 2714 virtute
1002 2675 1049 2730 po

180 2759 272 2815 neret.
316 2753 412 2826 Quare
427 2754 527 2810 damus
542 2753 597 2812 boc
622 2771 696 2812 saue
718 2755 820 2820 Bmto,
833 2759 865 2813 ut
887 2755 927 2812 sit
949 2757 1050 2814 beatus

180 2941 204 2985 et
212 2949 330 2996 generosas
337 2933 459 2982 sententias
468 2933 580 2996 proterant
588 2935 617 2982 de
623 2935 714 2996 singuiis
724 2935 789 2986 rebus
799 2957 804 2984 ε
821 2937 860 2986 sed
870 2953 899 2986 an
910 2953 950 2985 eae
958 2939 1016 2986 inter
1027 2951 1054 2994 tr,

180 3003 204 3044 et
214 3011 263 3043 cunr
274 2995 386 3056 principiis
394 2995 533 3041 consentiunt
544 3014 549 3040 r
565 3009 624 3056 qrrae
633 2999 667 3042 est
677 2997 815 3058 perpetuitas
823 3002 847 3044 st
857 2999 988 3046 constantia.

210 3075 233 3107 ³⁴
247 3075 305 3135 quad
312 3073 367 3119 miii
375 3073 463 3133 quidem
469 3073 595 3137 maiatum]
629 3075 733 3122 Davisius
743 3075 813 3124 edidit
822 3077 922 3134 pudore.
954 3077 1051 3128 videtur

182 3134 265 3182 addere
274 3135 370 3180 votuisse
378 3132 477 3180 uideris:
493 3133 555 3180 etsie
565 3133 630 3180 estin
640 3133 687 3184 Mu.
699 3133 773 3184 Gueti.
784 3151 825 3183 nec
835 3137 857 3184 id
865 3135 975 3198 displicet.

210 3213 233 3247 ³³
248 3213 333 3260 tutettis
342 3212 470 3274 obsignatis]
491 3211 544 3258 stibi
561 3211 622 3270 dicit,
633 3215 693 3262 uelut
702 3228 713 3261 s
722 3215 854 3274 syngrapho.
863 3231 883 3262 v.
896 3215 961 3262 (tier.

206 3293 229 3327 ²⁶
244 3293 282 3354 qui
292 3292 378 3350 tegitur
390 3291 496 3350 imperitis
511 3292 636 3355 disputant]
652 3294 664 3339 i.
677 3294 743 3400 Ἳυί
760 3301 835 3342 certae
855 3301 879 3342 et
895 3295 958 3344 unius
977 3300 1052 3346 miae

181 3353 295 3402 sententiis
305 3351 406 3398 adstricti
416 3351 467 3407 sint,
478 3351 578 3412 aquibus
589 3353 694 3400 nonlicet
719 3354 824 3402 insedere.

210 3431 233 3464 ³⁷
249 3431 378 3502 tumulive
393 3430 486 3502 ieiumi
514 3430 626 3501 Benttejns
635 3433 731 3502 correxit
741 3439 827 3506 utrum,
837 3433 898 3495 quod
912 3439 935 3482 et
946 3397 1051 3488 Alesiam

183 3489 744 3611 mittittittttttt‘ttttttuttt‘*
754 3507 778 3544 '⁸
792 3498 924 3556 '¹¹²‘“‘'“¹¹'
943 3509 991 3546 ⁰¹¹⁹
1005 3507 1049 3546 '⁰'
