2552 4208
495 284 595 336 Licuit
609 285 760 336 nunnius.
1018 292 1079 354 135

203 433 341 510 Epicure,
367 449 424 494 nee
452 433 577 494 letemur
602 453 668 492 enm
693 453 746 494 nne
767 433 867 494 dicere
888 436 1079 508 voluptutem,

202 553 289 610 quum
301 543 332 593 tu
347 535 434 600 idem,
450 551 517 592 cum
532 552 566 591 ns
578 533 761 606 perfricuisti,
775 535 852 591 scies
865 534 964 592 dicere
977 531 989 592 l
1014 540 1083 594 sunt

203 635 278 693 haec
291 642 339 692 tun
357 636 455 698 verbs,
467 631 586 692 necne?
606 633 637 691 in
658 633 830 710 ecquidem
851 635 935 702 libro,
948 635 998 708 qui
1011 653 1082 694 cun·

201 735 277 792 tinet
306 749 424 790 omnem
455 733 641 808 disciplinam
669 738 748 792 tunm
770 731 891 811 (iungar
923 733 1083 808 enimjnm

202 833 369 906 interpretis
384 851 511 902 munere,
531 851 568 891 ne
594 833 658 907 quis
679 850 725 890 me
751 838 832 907 putet
860 830 983 910 lingere)
1008 833 1082 892 elicis

203 933 298 990 haec:
334 931 395 990 Nee
420 930 546 1008 equidem
572 929 669 993 tuce.
699 930 775 1010 quod
799 930 958 1008 intelligam
981 930 1085 990 innuen

200 1029 283 1099 illud,
306 1029 451 1089 dunelm
474 1049 524 1088 ene
537 1030 700 1109 vuluptates,
714 1049 787 1109 quae
809 1049 909 1109 sapore
925 1030 1083 1109 percipiun-

202 1128 439 1194 euretnrmuu
458 1147 515 1198 ene,
531 1131 610 1207 'pune
633 1130 744 1200 auditu,
765 1137 791 1189 et
814 1129 945 1188 euntibus
955 1152 968 1196 ,·
994 1129 1083 1188 detra·

202 1226 271 1286 heus
297 1246 346 1286 ene
369 1227 463 1296 etiam,
489 1247 559 1305 putu
586 1248 620 1287 ex
639 1229 745 1308 fonnis
767 1228 965 1308 percipimur
986 1228 1082 1300 cuelin,

200 1348 301 1389 eunms
328 1333 473 1397 motiones,
499 1328 556 1388 eive
579 1347 651 1407 piene
685 1329 767 1391 utine
792 1329 944 1408 nolerptntce
969 1329 1001 1388 in
1026 1336 1091 1388 tntu

201 1427 310 1487 homine
333 1428 496 1504 gignuntur
521 1428 641 1506 quolibet
662 1447 756 1488 ceusu.
797 1430 860 1488 Nee
877 1447 941 1487 nme
961 1427 1004 1488 itn
1027 1427 1083 1486 tici
1175 1417 1180 1424 ’

196 1533 295 1604 potent,
308 1525 408 1584 eneruis
422 1525 560 1584 laetitiam
586 1525 677 1584 eninm
700 1545 760 1586 esee
773 1527 804 1584 in
828 1527 918 1586 beuie.
933 1527 1083 1586 hamum

201 1626 279 1682 enim
291 1629 408 1680 mentem
420 1622 463 1681 ita
476 1627 551 1691 uoti,
566 1641 614 1701 epe
637 1641 732 1680 eorum
751 1624 883 1692 misinen,
903 1643 974 1702 pene
993 1642 1082 1702 uem

201 1721 267 1792 elini,
282 1721 351 1802 scre
364 1729 395 1780 ut
409 1729 516 1780 nutum
529 1721 568 1780 iin
586 1725 709 1801 petiens,
725 1721 818 1780 doure
836 1729 939 1782 curent.
982 1726 1081 1800 Atque

201 1821 276 1882 haec
297 1823 414 1898 quidem
438 1824 483 1880 his
505 1823 613 1891 verbis,
632 1824 730 1898 quivis
755 1829 787 1881 ut
810 1823 968 1898 intelliget,
992 1841 1079 1900 quem

200 1925 384 1998 voluptatem
399 1922 475 1980 norit
487 1923 639 1996 Epicurus.
654 1921 762 1980 deinde
776 1925 875 1996 paullo
897 1925 980 1995 inira,
995 1925 1082 2002 Saepe

201 2019 334 2100 practici,
355 2022 459 2096 inquit,
477 2039 511 2079 ex
529 2019 577 2087 iis,
600 2018 679 2097 ⁷⁵qui
697 2019 911 2098 appellabuntur
928 2022 1076 2101 sementen.

201 2119 272 2199 quid
279 2119 421 2188 haberem,
435 2119 511 2197 quod
521 2119 552 2177 iu
565 2119 646 2178 louis
656 2119 849 2198 remunerent,
862 2119 890 2179 ei
902 2121 955 2178 illu
968 2122 1076 2182 uerae-

200 2218 296 2286 ieeent
316 2217 412 2277 nisisi
425 2218 523 2277 uellent
541 2237 619 2276 noces
632 2217 730 2277 ieennee
739 2219 873 2297 sundere.
895 2219 968 2278 eutii
980 2220 1016 2280 nb
1030 2221 1076 2280 nis

195 2317 276 2398 petrei
296 2335 478 2394 cognoscere:
497 2317 545 2396 qui
564 2316 626 2377 ”ei
651 2317 766 2377 uirtutes
785 2317 902 2378 ebullire
922 2319 1025 2390 nemu,
1049 2328 1076 2379 et

200 2415 364 2494 sapientae,
378 2415 451 2474 uilul
463 2415 786 2484 nutrimentum
798 2418 880 2490 untes,
889 2437 946 2497 qun
956 2418 1075 2498 efficiare·

200 2521 248 2575 tur
260 2533 308 2574 ene
320 2515 480 2593 uoluptates,
498 2533 570 2594 quun
582 2534 671 2595 mprn
694 2516 762 2577 diti.
804 2519 888 2591 Qnee
908 2529 1073 2596 sequnntur,

199 2617 232 2677 in
248 2619 351 2676 eedem
364 2621 511 2676 sententia
533 2624 617 2676 eunt:
640 2624 772 2694 totusque
797 2618 881 2687 liber,
902 2621 951 2694 qui
976 2626 1021 2678 est
1035 2622 1073 2678 de

198 2720 412 2786 summobono,
435 2718 555 2775 reiertus
569 2724 599 2775 et
615 2702 712 2776 veebii
727 2724 756 2777 et
778 2719 934 2777 sententiis
956 2719 1071 2777 tnlibus.

200 2818 252 2876 Au
267 2817 413 2875 hanccine
428 2816 517 2891 igitur
532 2818 623 2874 vitum
645 2818 842 2876 'Polemonem
856 2818 939 2877 iilum
953 2835 1073 2876 revoce-

199 2915 256 2982 bis,
271 2924 301 2974 ui
317 2917 399 2974 leves
420 2914 654 2991 aegritudinem?
675 2922 704 2973 et
718 2917 830 2992 siquem
850 2923 962 2976 tuorum
983 2917 1072 2978 efflic-

200 3017 261 3090 tum
276 3031 407 3072 moerore
425 3015 542 3084 videris,
557 3015 625 3075 huic
647 3016 848 3090 acipenserem
868 3017 972 3091 potius,
986 3033 1071 3092 quem

198 3113 325 3190 aliquem
341 3114 524 3173 Socraticum
545 3115 675 3174 libellum
695 3113 801 3174 debis?
822 3115 957 3190 hydrauli
977 3116 1071 3173 horte·

197 3216 269 3274 bere
281 3219 312 3274 ut
325 3213 424 3274 audiet
438 3231 529 3274 voces
541 3217 646 3290 potius,
654 3233 741 3292 quam
753 3211 910 3274 Platonis?
929 3231 1070 3288 expones,

233 3367 257 3403 ’ὅ
273 3369 313 3430 pus'
321 3369 509 3432 mpelluinntnrl
541 3369 577 3418 su
594 3370 636 3418 seri
653 3369 680 3418 sit
690 3369 779 3427 cicun,
789 3383 833 3417 nnn
847 3369 996 3428 appetuntur.
1007 3367 1037 3416 sie
1046 3373 1072 3417 ei

194 3425 255 3478 Mes.
266 3445 301 3490 sp.
314 3429 438 3484 Danielum,
450 3428 579 3485 Buteriunn
590 3430 760 3478 unetmut
771 3443 805 3490 pr.
1100 3441 1105 3448 ·

209 3507 251 3566 „¹¹⁸
265 3508 387 3555 eivtuuue
406 3507 501 3554 ebullire
515 3508 608 3568 nutent]
640 3506 833 3556 &inscribendum
853 3505 895 3554 luit
910 3505 1071 3556 necessarios!

197 3579 210 3614 s
222 3579 271 3624 usu.
281 3573 307 3617 ut
316 3566 401 3628 plectit
411 3566 516 3626 lluheric,
526 3566 598 3616 sutiu
607 3565 717 3630 principie
726 3567 780 3616 niet.
791 3567 830 3616 ssd
840 3566 897 3616 illud
908 3566 977 3628 magis
984 3567 1069 3631 plutei.
