2538 4188
438 349 547 424 ‚nrnnrt
564 357 742 442 sncnnnus.
978 369 1043 432 403

170 520 239 566 'cese
251 505 398 581 perspicit,
412 505 437 564 is
460 507 506 564 bis
527 508 598 580 ipsis
612 510 696 566 rebus
711 507 784 566 mibi
803 489 917 568 iidetnr
935 527 1043 572 carere.

174 604 195 638 ⁷⁴
204 607 252 663 De
266 606 404 680 quodum
418 605 572 678 disputem,
586 613 664 664 tuem
674 607 745 666 mibi
757 609 821 666 deri
836 611 934 678 velim,
945 611 1042 682 Cotto,

174 703 381 777 eloquentiam.
414 705 480 777 Quo
493 704 572 762 enim
587 711 616 762 tu
626 705 676 764 ille
688 709 773 764 modo
786 707 922 766 diceres?
936 715 1044 784 quante

175 803 298 877 primum
323 802 529 878 intelligentia,
550 804 655 862 deinde
682 807 922 881 consequentium
949 825 1043 874 rerum

175 919 242 960 cum
257 902 355 976 primis
369 902 538 976 conjunctio
561 909 591 960 ct
614 905 837 978 comprehensio
859 903 936 964 esset
949 905 980 964 in
994 925 1044 980 no·

175 1001 236 1058 bis:
256 1019 294 1058 ex
315 1021 371 1076 quo
390 1003 545 1071 uidelicet,
559 1004 627 1078 quid
641 1023 679 1062 ex
705 1003 864 1077 quibusque
878 1005 962 1062 rebus
986 1007 1043 1064 effi·
1154 1079 1157 1084 Ι

175 1099 275 1166 cietur,
296 1100 381 1174 idque
404 1103 527 1170 ratione,
550 1101 771 1160 concludimus:
791 1101 975 1178 singulosque
998 1122 1044 1163 res

173 1197 327 1256 delinimus
354 1200 628 1276 circumscripteque
657 1201 894 1274 complectimur:
924 1221 961 1261 ex
986 1221 1043 1279 quc

173 1297 298 1354 scientie
312 1297 485 1372 intelligitur
498 1319 583 1375 quam
595 1301 786 1380 vim'babect,
805 1301 896 1376 quetis
908 1302 963 1360 eit:
981 1319 1043 1377 qus

172 1414 210 1452 ne
225 1395 256 1455 in
271 1397 327 1452 deo
341 1396 457 1470 quidem
475 1404 519 1456 est
532 1417 577 1456 ree
602 1401 662 1456 ullu
684 1403 882 1472 praestantior.
925 1402 1043 1474 Quanto

174 1495 311 1552 vercillr:
324 1501 400 1561 sunt,
415 1513 487 1564 quoe
502 1514 555 1554 vos
581 1498 756 1556 Academici
771 1499 932 1562 infirmatis,
946 1504 977 1556 el
991 1501 1042 1556 tul-

174 1591 244 1660 litis,
258 1593 333 1666 quod
348 1593 529 1661 cinensibus,
549 1602 580 1650 et
593 1596 692 1654 auimo
704 1613 749 1664 en,
763 1615 836 1671 quoe
860 1603 943 1654 extre
967 1602 1043 1666 sunt,

174 1691 358 1763 percipimus,
375 1697 461 1766 atque
472 1694 742 1766 comprehendimus
757 1692 769 1753 i
809 1695 855 1752 Ex
870 1695 972 1768 quibus
985 1698 1044 1754 col·

172 1789 239 1847 latis
253 1790 330 1847 inter
347 1809 389 1857 se,
410 1795 441 1859 ct
454 1792 638 1866 comparatis,
658 1797 735 1850 eries
761 1810 874 1868 quoque
893 1795 1042 1863 efficimus,

172 1872 277 1962 partim
298 1891 334 1946 ad
358 1907 439 1948 usum
455 1890 544 1958 vitae,
560 1891 663 1965 purtim
682 1893 718 1948 cd
742 1892 969 1950 oblectationem
993 1912 1042 1951 ne-

171 1989 322 2044 cesserim.
364 1990 432 2045 lam
447 2007 518 2049 vero
537 1991 655 2050 domine
681 2009 774 2048 rernm
794 1989 839 2068 (ut
864 2010 917 2049 vos
941 1993 1041 2051 soletis

99 2155 105 2162 ἱ
171 2067 283 2162 dicere)
303 2089 458 2162 eloquendi
473 2090 529 2155 vis,
552 2107 638 2164 quam
657 2096 702 2148 est
718 2094 876 2164 praeclara,
899 2111 1040 2168 quomque

171 2183 298 2243 divina?
313 2203 386 2260 quae
409 2187 531 2260 primum
545 2189 644 2256 efficit,
666 2194 697 2246 ut
719 2206 764 2257 ea,
778 2175 852 2264 quoe
867 2189 1040 2264 ignoramus,

170 2283 294 2348 discere,
308 2290 338 2340 et
362 2302 406 2351 eo,
433 2303 506 2358 quae
531 2287 646 2352 scimus,
666 2287 739 2344 elios
762 2289 868 2345 docere
891 2289 1043 2358 possimus:

172 2381 291 2438 Deinde
306 2380 360 2436 hec
384 2381 576 2444 cohortamur,
589 2383 645 2436 hnc
670 2386 882 2452 persuademus,
896 2387 951 2444 buc
972 2405 1041 2446 con·

171 2481 298 2536 solemur
311 2479 443 2543 afflictos,
457 2479 512 2534 bac
526 2477 695 2534 deducimus
710 2481 874 2550 perterritos
898 2499 914 2536 a
929 2484 1039 2553 timore,

172 2580 229 2635 hnc
243 2575 402 2651 gestientes
416 2576 641 2648 comprimimus,
661 2577 717 2633 bac
730 2577 905 2649 cupiditates
929 2578 1041 2639 iracun-

172 2679 291 2750 diasque
312 2675 523 2748 restinguimus.
538 2676 612 2732 bueo
626 2693 678 2732 uos
695 2677 779 2749 juris,
800 2679 906 2749 legum,
929 2679 1041 2737 urbium

171 2775 312 2832 societate
323 2773 477 2832 devinxit:
499 2775 574 2830 baec
586 2790 605 2830 e
617 2774 677 2831 vite
691 2774 811 2842 immani
821 2781 850 2832 et
863 2775 923 2832 lere
946 2793 1040 2850 scgre-

172 2873 262 2948 gavit.
310 2874 357 2930 Ad
385 2889 466 2929 usum
492 2877 588 2929 nutem
616 2871 764 2936 orationis,
788 2873 959 2931 incredibile
986 2881 1039 2945 est,

173 2971 230 3027 nisi
251 2969 407 3043 diligenter
433 2969 601 3048 attenderis,
628 2975 734 3044 quante
763 2987 850 3041 opera
874 2973 1040 3032 machinatu

173 3073 274 3138 natura
287 3068 332 3124 sit.
375 3067 590 3126 Primumenim
606 3067 817 3139 epulmonibus
832 3070 934 3125 arteria
949 3087 1039 3146 usque

173 3168 210 3225 ad
224 3183 255 3222 os
270 3166 403 3224 intimum
416 3167 549 3241 pertinet,
564 3185 614 3241 per
626 3184 711 3244 quam
730 3164 750 3198 ⁷⁵
765 3183 823 3223 vox
835 3165 1006 3238 principium
1021 3187 1039 3228 c

203 3321 226 3354 '¹⁴
241 3321 278 3368 De
287 3335 328 3380 quc
335 3321 390 3368 dum
400 3321 545 3380 disputarem
560 3320 603 3366 boc
613 3334 656 3366 non
667 3320 776 3366 consentit
786 3333 834 3366 :nm
850 3325 956 3380 sequente
965 3321 1037 3369 veiim.
1074 3319 1097 3338 ‘'

174 3381 205 3426 itu
222 3393 249 3425 ue
260 3381 296 3425 vel
312 3380 419 3435 disputem
429 3380 565 3426 scribendum
584 3378 677 3438 putebat
697 3378 801 3425 Devlrius
820 3377 856 3422 vel
874 3379 958 3432 uellem,
979 3381 1039 3440 priur

173 3393 252 3485 ureiius
263 3443 304 3496 est,
313 3436 381 3498 idque
389 3441 488 3498 recipere
494 3453 537 3484 non
547 3436 656 3484 dubitavi.
705 3488 708 3493 ¹

203 3517 226 3551 re
240 3531 282 3564 m
300 3545 305 3550 .
325 3543 333 3551 .
349 3515 472 3573 percipitur
482 3515 536 3572 ets.
563 3514 692 3571 percipitur,
702 3513 725 3560 in
735 3528 779 3574 quc
796 3514 888 3562 horrere
898 3515 994 3577 quidem,
1004 3525 1039 3572 est
1138 3542 1141 3548 ·

177 3576 271 3644 capitur.
290 3577 374 3622 arteria
386 3589 462 3620 vocem
476 3587 540 3643 comp
550 3574 632 3644 ectitur
649 3588 662 3618 s
678 3579 752 3644 mente
767 3579 841 3643 ortem
852 3580 875 3619 et
885 3581 998 3635 occeptum
1015 3585 1039 3639 et

176 3633 256 3682 demde
265 3649 305 3697 per
314 3649 339 3683 os
347 3633 427 3684 lundit.
438 3633 470 3684 ric
479 3631 573 3682 dicimur
582 3632 638 3681 cbo:
645 3645 757 3694 perrepere
765 3648 780 3682 r.
792 3645 861 3683 ecre
871 3647 959 3695 cepere.
