2558 4198
463 341 562 394 ursan
577 330 762 392 stepanus?
978 339 1042 404 aar
1128 321 1136 338 ⁶

176 502 239 554 tam
266 511 343 564 esse,
374 491 452 550 vitio
472 490 529 549 sibi
552 493 770 549 tabernaculum
803 491 922 563 nuptum
946 487 1045 558 misse,

173 593 236 654 'tin
263 593 354 651 hortis
375 591 534 665 Snipionis‚
554 593 719 666 quodcum
740 589 917 664 pomoerium
944 595 1046 664 postea

175 695 322 758 intrasset,
343 691 470 747 habendi
493 697 610 747 senatus
635 705 733 758 eausa,
747 688 777 748 in
802 691 958 757 mdeundo,
977 705 1046 746 euna

174 793 253 850 idern
276 789 453 864 pomoerium
477 789 621 858 transiret,
645 790 790 864 auspicari
814 795 892 847 esset
917 788 1045 846 oblitust

174 889 273 964 itaque
290 889 363 946 uitio
375 897 489 952 creatos
502 892 636 948 eonsules
659 907 733 947 esse.
769 891 903 963 Augures
924 903 985 945 rent
1008 887 1048 944 sd

175 996 327 1046 senatum:
357 996 485 1059 senatus,
507 987 571 1046 ’ut
591 991 763 1048 abdicarent
787 989 938 1057 eonsules,
967 987 1048 1044 abdi-

175 1092 345 1146 caverunt:
377 1090 460 1162 Quae
486 1091 650 1166 quaerimus
676 1089 812 1161 exempto
835 1083 967 1160 majore?
1001 1087 1048 1144 vir

175 1187 415 1261 sapientissimus,
429 1196 514 1264 atque
529 1191 605 1247 hand
628 1185 692 1247 seio
705 1205 742 1246 an
756 1188 886 1245 omnium
901 1189 1049 1262 praestan·

174 1288 310 1356 iissimus,
325 1285 477 1360 peceatum
492 1307 584 1357 suum,
598 1289 673 1364 quod
687 1287 779 1345 uetari
794 1295 900 1362 posset,
912 1287 1046 1345 eonfiteri

174 1387 286 1454 n'tniuit,
299 1405 386 1462 quana
412 1387 531 1444 haerere
544 1389 576 1445 in
592 1387 740 1461 republica
754 1386 926 1462 religionem
943 1405 951 1443 r
978 1405 1049 1444 non·

175 1489 252 1544 sutes
273 1503 417 1544 summum
441 1487 593 1559 imperium
613 1487 711 1544 statim
734 1489 892 1560 deponere,
912 1503 998 1561 quam
1016 1487 1048 1544 id

176 1589 278 1642 tenere
287 1593 427 1659 punctum
442 1587 579 1659 temporis
592 1592 693 1643 oontrn
714 1587 895 1660 religionem.
936 1583 1049 1658 Magna

175 1698 313 1758 angurum
329 1685 496 1742 auotoritas.
538 1682 640 1756 Quid?
671 1685 854 1756 haruspicum
879 1699 924 1740 ars
949 1701 1048 1741 nonne

175 1781 302 1842 divine?
333 1784 408 1842 haee
435 1783 658 1841 innumerabilia
679 1801 720 1840 ex
742 1785 844 1840 endem
866 1799 974 1858 genere
997 1783 1047 1858 qui

176 1884 287 1951 videet,
308 1902 407 1941 nonne
427 1889 548 1959 cogetur
567 1881 700 1940 confiteri
721 1884 793 1939 deos
815 1879 908 1967 esse?¹
927 1873 1047 1958 querunt

176 1984 257 2041 enirn
278 1985 451 2058 interpretes
475 1989 552 2051 sunt,
574 2001 624 2040 eos
651 1985 729 2057 ipsos
749 2001 813 2040 esse
827 1989 908 2040 oerte
926 1999 1048 2041 neeesse

173 2089 227 2141 est.
271 2084 400 2142 Deorum
428 2089 525 2141 autem
549 2085 723 2156 interpretes
750 2089 836 2140 sunt:
864 2085 934 2142 deos
958 2083 1047 2157 igitur

171 2200 237 2240 esse
265 2183 414 2242 fateamur.
439 2185 500 2241 ·At
527 2183 647 2240 sudasse
674 2201 733 2240 non
760 2183 859 2241 omnia
893 2183 1046 2249 eveniunt,

172 2301 247 2357 qmw
272 2285 517 2356 pnmdidasunt
573 2283 621 2340 Ne
645 2283 725 2356 mgd
752 2284 869 2358 qnfflem
893 2283 961 2358 qma
985 2299 1045 2340 non

173 2398 276 2437 omnes
290 2384 512 2446 onnvnlesount,
532 2381 645 2437 ideireo
657 2397 703 2436 nra
719 2385 798 2438 nnita
820 2383 967 2439 medicina
989 2388 1044 2440 est.

176 2477 869 2551 &wammmmwrafflmmmmfflmmmm
912 2479 1045 2538 mind

174 2577 223 2652 qui
248 2583 427 2642 erraverunt,
449 2595 506 2634 nou
534 2577 653 2634 deorum
681 2586 791 2645 natura,
818 2580 869 2634 sed
895 2579 1045 2638 hominurn

174 2677 343 2751 eonjenturn
358 2675 504 2749 peooavit.
547 2677 649 2751 itaque
668 2675 776 2735 ”inter
792 2694 894 2734 omnes
914 2679 1045 2737 omniunt

173 2777 304 2850 gentium
326 2779 473 2833 sententia
493 2782 617 2844 oonstnt,
645 2777 780 2834 omnibus
803 2777 883 2834 enim
911 2777 1045 2856 innatum

175 2883 230 2945 est,
244 2882 275 2933 et
289 2877 318 2934 in
333 2875 432 2933 animo
446 2875 527 2952 quasi
538 2875 723 2949 insculptum,
734 2893 798 2932 esse
812 2878 891 2934 deos.
933 2877 1043 2950 Quales
1054 2907 1074 2964 5

177 2975 1044 3051 affimmmmmmmmmw.fflmmwi

174 3127 483 3252 Ρίἒήιῖὣίἓιέἲειψίιηυᾶ
515 3131 645 3192 ῐιςειιᾱιιιιι
661 3129 766 3179 tetardo
780 3131 839 3192 δοιῇ.
857 3130 1044 3194 nhinempeaue

204 3269 229 3302 ¹²
238 3274 264 3316 ut
273 3270 401 3316 nidiwrent
410 3272 526 3328 sennaser
540 3271 602 3334 aid]
618 3271 656 3319 Sis
665 3271 830 3334 interpungitur
839 3271 862 3319 in
872 3271 919 3320 Ma.
933 3269 1008 3320 Gaetu
1019 3277 1044 3318 st

174 3342 243 3386 marg.
256 3329 283 3374 ed
304 3327 331 3376 L.
343 3329 374 3376 sie
383 3336 406 3376 et
416 3331 451 3376 ed.
464 3329 567 3378 Victorii.
579 3331 646 3390 vutgo
656 3339 705 3392 post
714 3329 848 3379 rtutnrenr.

204 3409 227 3440 ¹³
241 3409 301 3455 inter
315 3423 333 3454 n.
350 3423 369 3454 n.
385 3410 488 3468 gentium
497 3409 603 3457 sententio
623 3411 722 3472 emutat]
755 3409 882 3458 Davisiuse
900 3409 957 3458 Mas.
970 3407 1043 3457 edidit

174 3465 211 3512 hie
224 3481 317 3520 summu,
328 3483 369 3538 pro
384 3471 506 3516 sentenia:
521 3476 609 3516 secutus
625 3477 659 3515 est
677 3469 791 3517 Buirerius.
811 3471 842 3516 sic
858 3477 882 3516 et
900 3471 947 3518 Ms.
965 3467 1040 3518 Gneli.

174 3526 258 3571 utinam
275 3525 427 3587 expirrassent.
460 3527 483 3574 Si
498 3528 618 3575 adderetur
635 3529 779 3584 erasmum,
800 3537 823 3576 ut
839 3529 894 3576 alibi
910 3531 932 3576 iu
953 3530 994 3576 has
1009 3541 1041 3587 tt,

175 3583 282 3643 piaceret.
316 3585 438 3634 [nubieus
447 3586 543 3644 sortierit
552 3589 693 3634 interemtus
708 3603 727 3636 n.
743 3603 765 3650 g.
782 3589 879 3638 inminet
893 3593 981 3638 mut

215 3681 285 3723 von.
302 3683 354 3724 xv.
615 3673 653 3725 29
