2326 4066
178 234 242 298 358
435 225 481 289 on
494 223 635 275 aarum
649 223 795 275 nnoaure
843 252 844 256 a

179 377 260 445 uam,
283 392 322 434 ex
345 392 401 452 qua
430 375 626 444 conservatio,
650 379 681 433 et
699 376 778 433 salus
802 374 933 433 omnium
954 376 1052 436 olnois

179 478 279 545 oritur,
291 477 341 553 qui
360 494 466 535 vacare
480 481 579 535 mente
593 475 724 550 putatis
744 475 808 549 ipse
822 474 930 532 meotis
944 493 1052 548 expers

72 558 75 563 ’
180 577 331 636 habendus
344 581 397 634 cst
440 577 526 634 Haud
546 590 625 651 ergo,
645 580 677 632 ut
696 574 810 649 opinor,
831 559 976 641 erravero,
996 573 1021 631 si
1035 591 1055 632 a

181 676 315 751 principe
336 676 562 751 investigandae
583 673 726 742 veritatis,
746 676 831 750 huJus
849 673 1055 748 disputationis

129 769 171 830 22
182 774 357 851 principium
376 777 495 834 duxero.
538 774 623 831 Zeno
636 773 724 848 igitur
736 775 779 832 ita
793 778 926 832 naturam
941 771 1054 841 delinit,

182 878 290 934 uteam
303 874 383 932 dicat
406 874 505 950 ignem
519 891 584 931 esse
603 862 791 931 artificiosum
815 873 852 930 ad
875 872 1057 946 gignendum

182 974 415 1050 progredientem
438 973 498 1030 via.
518 978 622 1030 censet
645 973 725 1031 enim
744 973 814 1030 artis
839 971 968 1029 maxime
993 987 1055 1045 pro-

182 1073 276 1151 prium
290 1091 363 1140 esse,
377 1089 486 1141 creare,
501 1077 532 1130 et
552 1072 689 1148 gignere3
717 1073 849 1147 qnodque
874 1070 906 1127 in
920 1069 1056 1143 operibus

182 1178 345 1231 nostrarum
359 1172 462 1230 artium
474 1189 576 1230 manus
590 1171 712 1241 efficiat,
726 1171 756 1228 id
767 1172 858 1228 nullo
872 1167 1057 1227 artificiosius

182 1276 316 1331 naturam
329 1271 454 1339 efficere,
479 1272 511 1329 id
530 1276 585 1338 eat,
599 1270 716 1338 uldini,
737 1270 836 1346 ignem
858 1267 1058 1335 artificiosum,

183 1371 353 1446 nagistrum
380 1370 484 1437 artium
510 1369 693 1444 reliqueram.
736 1371 834 1443 Atque
858 1367 915 1425 lrac
936 1364 1056 1440 quidem

184 1470 297 1529 ratione
310 1469 405 1527 omnis
419 1476 522 1526 natura
535 1468 694 1527 artificiosa
707 1472 761 1535 eat,
774 1468 851 1543 quod
871 1466 959 1523 lrabet
971 1462 1058 1538 quasi

184 1569 266 1653 viam
290 1570 436 1644 quandam
458 1573 488 1625 et
517 1574 639 1635 sectam,
665 1584 750 1641 quam
777 1568 920 1640 sequatur.
961 1562 1057 1636 Ipeius

185 1668 395 1736 veremundi,
420 1667 469 1742 qui
496 1666 596 1725 omnia
622 1668 778 1738 complexu
805 1682 862 1737 eras)¹
880 1663 1000 1723 coiircet
1026 1667 1059 1720 et

185 1769 327 1835 continet,
352 1771 454 1824 natura
486 1780 546 1823 non
573 1765 729 1823 artificiosa
749 1766 865 1830 solum,
888 1762 940 1821 sed
968 1765 1057 1836 plane

185 1865 290 1923 artilex
310 1865 469 1930 abeodem
484 1865 608 1921 zenone
628 1864 744 1928 dicitur,
762 1862 934 1929 consultrix,
948 1866 979 1918 et
993 1877 1062 1934 pro-,

185 1963 256 2022 sida
275 1961 432 2020 utilitatum
452 1943 755 2036 opportunitatemque
775 1957 934 2021 omnium..
957 1961 1057 2034 Atque

185 2064 219 2119 ut
230 2066 347 2118 ceterae
361 2066 481 2118 naturae
495 2062 556 2118 suis
568 2061 727 2118 seminibus
742 2078 872 2136 quaeque
888 2060 1057 2136 gignuntur,

186 2165 355 2234 augescunt,
382 2161 592 2218 continentur:
626 2159 670 2215 sic
698 2164 801 2216 natura
828 2160 928 2218 mundi
952 2174 1056 2217 omnes

186 2264 280 2319 motus
295 2260 383 2316 habet
397 2257 586 2328 voluntarios,
606 2263 795 2334 conatusque,
808 2264 838 2317 et
851 2258 1058 2333 appetitiones,

186 2372 257 2436 quas
276 2356 355 2438 iprae
379 2361 488 2418 Graeci
510 2364 630 2427 vocant,
649 2365 679 2416 et
703 2359 748 2415 his
772 2365 986 2417 consentaneas
1010 2375 1058 2416 ac·

187 2458 281 2518 tiones
294 2463 336 2518 sic
351 2462 481 2529 adhibet,
494 2465 526 2518 ut
536 2459 706 2532 nosmetipsi
716 2458 764 2533 qui
779 2459 884 2517 animis
897 2474 1058 2527 movemur,

186 2563 218 2617 et
229 2563 370 2619 sensibus.
413 2560 499 2618 'Palis
524 2559 612 2634 igitur
633 2576 716 2618 meos
739 2553 837 2616 mundi
862 2575 930 2615 oum
953 2557 1001 2626 eit,
1020 2559 1060 2617 ob

187 2676 309 2733 eamque
321 2676 439 2717 oausam
454 2661 502 2715 vel
518 2658 680 2730 prudentia,
694 2660 744 2714 vel
759 2656 942 2730 providentia
957 2659 1058 2729 appel·

186 2759 243 2815 lari
256 2745 335 2815 recte
355 2757 454 2840 possit,
463 2756 606 2841 -(G'raece
620 2758 699 2814 enim
720 2779 822 2837 egam
839 2751 963 2831 dicitur)
984 2755 1061 2815 haec

185 2857 367 2938 potissimum
381 2857 524 2931 providet,
539 2862 568 2913 et
583 2857 614 2913 in
628 2857 674 2913 hia
696 2859 831 2915 maxime·
843 2860 888 2913 esi
902 2861 1059 2926 occupata,

187 2957 310 3031 primum
335 2962 365 3014 nt
386 2956 507 3013 mundus
531 2971 617 3028 quam
640 2955 805 3027 aptissimus
824 2954 864 3013 sit
883 2953 920 3011 ad
948 2970 1059 3026 perma-

51 3054 65 3063 ‘
186 3056 325 3122 nendum,
337 3053 444 3112 deiude
458 3054 583 3111 utnulla
597 3070 628 3109 re
642 3060 737 3126 egeat,
758 3053 888 3114 maxime
902 3056 1006 3117 ,sutem
1027 3056 1061 3111 ot

186 3155 218 3237 in
246 3173 282 3213 eo
302 3153 411 3213 eximia
435 3152 597 3228 pulcritudo
624 3152 671 3218 sit,
699 3146 786 3228 atque
813 3152 908 3210 omnis
932 3158 1060 3210 ornatus.

134 3251 177 3311 23
188 3254 310 3312 Dictum
330 3257 376 3311 est
395 3253 433 3311 de
456 3252 592 3309 universo
613 3253 742 3308 munuc:
770 3250 880 3309 dictum
903 3256 947 3308 eat
969 3251 1067 3321 etiam,

187 3355 225 3410 dc
249 3354 413 3414 sideribuar
447 3359 480 3412 ut
495 3352 557 3428 jam
592 3352 800 3423 propemodum
827 3356 966 3424 appareat
992 3351 1063 3408 mul·

188 3451 283 3533 titum
304 3470 362 3515 nec
382 3456 559 3516 cessantium
581 3449 711 3514 deorum,
731 3454 846 3518 necea,
868 3467 941 3522 quae
964 3453 1064 3524 agant,

185 3550 370 3620 molientium
387 3568 456 3623 cam
477 3559 576 3625 trappe
597 3560 724 3626 operoso
752 3549 942 3615 acatalecto.
990 3548 1062 3610 Nos
