2538 4188
219 295 283 356 390
468 290 512 340 DE
532 289 673 342 NATURA
692 292 836 344 DEORUM

219 543 273 598 tur.
312 535 380 596 ³⁵ln
407 555 464 614 quo
485 541 685 599 admirandum
707 547 761 608 est,
776 559 971 616 congressune
991 542 1091 615 aliquo

219 636 351 706 interce,
363 637 473 712 anjam
487 638 556 698 inde
573 641 611 696 ab
624 645 687 697 ortu
703 646 823 698 naturae
837 641 919 714 ipsae
932 649 1090 714 congrega-

219 740 268 796 tae
295 736 363 794 sint.
405 737 459 796 Est
479 738 569 796 etiam
589 739 745 797 admiratio
766 741 906 798 nonnulla
928 741 961 797 in
989 737 1089 796 bestiis

219 835 394 910 aquatilibus
408 835 454 904 iis,
467 853 541 912 quac
558 837 715 914 gignuntur
728 838 760 896 in
772 845 863 896 terra:
884 839 978 896 veluti
993 851 1093 896 croco·

219 935 283 1004 dili,
296 935 510 1012 fluviatilesque
532 938 701 1006 testudines,
721 941 918 1014 quaedamque
939 945 1091 1010 serpentes

219 1039 301 1092 ortae
325 1041 409 1096 extra
429 1053 543 1112 aquam,
564 1038 650 1096 simul
675 1055 711 1096 ac
738 1039 860 1112 primum
883 1038 939 1094 niti
961 1041 1091 1116 possunt,

219 1149 324 1209 aquam
338 1143 555 1211 persequuntur.
596 1138 779 1210 Quinetiam
793 1144 910 1196 anatum
931 1155 988 1196 ova
1009 1135 1092 1212 galli-

220 1233 267 1292 nis
289 1250 376 1308 saepe
403 1236 611 1310 supponimus3
632 1255 650 1293 e
670 1238 772 1312 quibus
794 1238 865 1311 pulli
888 1237 943 1294 orti
965 1237 1091 1308 pomum

215 1333 336 1410 'alumur
349 1335 387 1390 ab
406 1334 453 1402 iis,
468 1341 499 1392 ut
522 1354 540 1392 a
561 1335 708 1403 matribus,
728 1333 774 1392 ³'u
788 1337 891 1411 quibus
914 1333 1034 1400 exclusi,
1050 1333 1091 1390 lo·

220 1429 301 1506 tique
324 1437 410 1490 eunt:
431 1432 537 1490 deinde
560 1453 610 1491 aas
634 1435 810 1510 relinquunt,
831 1442 862 1492 et
884 1433 1021 1506 effugiunt
1046 1449 1091 1489 se-

222 1537 355 1606 quentes,
374 1549 442 1590 cum
464 1533 586 1607 primum
610 1551 724 1609 aquam,
745 1533 828 1608 quasi
855 1534 1015 1592 naturalem
1042 1531 1093 1588 do·

222 1646 311 1700 mum,
326 1632 426 1690 videre
442 1637 603 1706 potueruut.
647 1633 778 1692 Tantam
792 1633 925 1707 ingenuit
939 1629 1093 1689 animanti·

171 1705 213 1766 49
223 1731 275 1788 bus
289 1733 485 1790 conservandi
498 1732 541 1790 sui
564 1738 666 1790 natura
691 1733 862 1790 custodiam.
904 1729 980 1805 Legi
1003 1730 1093 1790 etiam

221 1830 371 1903 scriptum,
385 1849 448 1888 esse
469 1848 557 1889 avem
577 1832 730 1905 quandam,
745 1848 819 1905 quae
845 1831 978 1887 Platalea
1002 1826 1093 1887 nomi·

220 1933 355 1985 naretur:
377 1947 442 1986 eam
455 1929 512 1986 sibi
526 1930 624 1986 cibum
637 1926 775 2003 quaerere
789 1930 977 1986 advolantem
992 1929 1029 1984 ad
1044 1943 1094 1984 eas

216 2042 303 2094 aves,
323 2043 396 2100 quae
416 2025 492 2082 eain
517 2027 589 2083 mari
613 2030 796 2098 mergerent:
818 2041 979 2098 quaecum
1003 2042 1096 2084 emer·

222 2125 338 2191 sissent,
348 2125 513 2199 piscemque
527 2123 684 2196 cepissent,
698 2139 787 2196 usque
798 2138 835 2178 ec
849 2137 979 2194 premere
993 2141 1096 2184 earum

223 2226 326 2300 capita
345 2224 501 2287 mordicus,
526 2223 595 2278 dum
622 2221 692 2278 illue
718 2226 836 2294 captum
858 2221 1096 2294 amitterent31d

223 2325 297 2400 quod
312 2323 375 2395 ipsa
389 2322 555 2386 invaderet,
593 2321 762 2397 Eademque
776 2322 851 2380 haec
875 2322 939 2379 ovis
960 2323 1095 2382 scribitur

224 2422 346 2480 conchis
368 2441 399 2480 se
427 2425 521 2480 solere
548 2426 705 2496 complere,
728 2439 844 2497 easque,
864 2437 931 2480 cum
951 2422 1095 2480 stomachi

224 2526 323 2582 calore
342 2522 523 2589 concoxerit,
537 2539 684 2588 evomere,
697 2527 783 2596 atque
808 2521 850 2579 ita
871 2521 980 2596 eligere
995 2539 1032 2578 ex
1048 2521 1094 2591 iis,

225 2621 328 2700 ”quae
339 2629 405 2680 sunt
418 2623 578 2680 esculenta.
621 2622 722 2678 Ranae
737 2629 834 2678 autem
849 2621 976 2677 marinae
996 2620 1096 2678 dicun-

226 2731 272 2782 tur
282 2727 402 2781 obruere
417 2739 481 2778 sese
489 2738 578 2778 arena
587 2723 689 2788 solere,
702 2726 733 2776 ct
747 2720 859 2778 moveri
873 2737 961 2793 prope
974 2737 1094 2792 aquam:

227 2825 264 2882 nd
291 2841 372 2898 quae,
391 2820 474 2896 quasi
494 2821 531 2876 ud
559 2837 666 2888 escam,
693 2821 788 2892 pisces
815 2835 882 2876 cum
908 2820 1097 2886 accesserint,

227 2923 335 2982 confici
348 2940 367 2980 a
393 2920 481 2988 ranis,
495 2927 582 2995 atque
603 2917 743 2976 consumi.
785 2917 881 2974 Miluo
895 2922 939 2974 est
952 2919 1096 2991 quoddam

227 3085 339 3132 admonito
348 3083 429 3144 squilla
436 3081 504 3142 piune
513 3095 594 3152 arrruou²
605 3080 664 3128 unde
673 3077 812 3128 scribendum
820 3079 1035 3140 ndomitoaquitloc
1041 3080 1099 3138 panc

228 3159 309 3192 morsa

259 3223 281 3256 ³⁵
297 3222 328 3269 ln
337 3236 378 3290 quc
394 3219 554 3289 admirandum
563 3217 633 3322 sethi.
645 3232 665 3262 e.
678 3216 797 3290 videndum
806 3221 836 3287 ¹ct
855 3217 1004 3279 quaerendum
1021 3221 1055 3288 cst
1069 3217 1100 3264 ob

228 3281 425 3328 admirabilrtutem
440 3293 479 3324 rer.
492 3291 522 3323 ste
532 3283 555 3322 et
565 3277 595 3323 alr
611 3294 619 3322 1
637 3277 749 3322 admirare
768 3277 857 3323 dautur.
870 3292 889 3321 v.
903 3277 967 3324 Clav.
979 3291 1029 3323 mox
1038 3291 1100 3335 rpsua

229 3347 264 3388 cst
273 3356 312 3388 sua
324 3345 410 3400 sponte,
422 3339 505 3397 impetu
515 3337 621 3383 naturali.

256 3419 282 3524 ἒ
299 3417 403 3525 qputqeu
412 3416 497 3463 seclusi
505 3416 596 3476 setique
605 3415 666 3476 mast]
682 3421 716 3461 est
726 3411 746 3467 ir
760 3417 799 3466 aaa
814 3417 876 3478 don,
891 3414 994 3478 equibus
1000 3413 1102 3463 fovendo

228 3491 256 3526 ΩΧ
278 3493 311 3523 1181
325 3495 365 3525 sud
377 3514 382 3526 ι

260 3553 283 3588 ³⁷
297 3559 549 3620 quesanctorum]
579 3559 708 3621 legendum
717 3561 771 3610 unu
