2552 4208
227 310 287 372 108
456 301 590 354 runem
605 303 850 358 oumsnronom
941 287 945 294 '

225 470 292 522 neo,
305 453 382 528 qood
402 451 454 512 ille
478 459 569 529 putet,
594 454 674 514 idem
700 429 803 530 putore
817 455 1031 530 pulcerrimum.
1046 459 1098 518 too

225 553 280 612 tibi
287 553 460 626 judioioert
470 556 619 614 utendum.
638 555 693 613 tibi
707 556 733 614 ei
757 562 838 614 reutu
852 557 987 629 probanti
1002 559 1098 630 pluoe·

225 651 281 720 bis,
295 658 355 710 tum
370 671 429 710 non
450 655 538 712 modo
561 659 592 712 tu
605 659 636 712 te
663 655 782 724 viderie,
805 658 882 732 quod
908 659 1006 730 prullo
1026 663 1096 716 unte

226 751 451 827 praecipiebam,
477 754 529 810 ned
552 771 664 822 omnes,
691 759 722 812 et
748 754 856 813 omniu.
897 753 983 814 'Hoe
1010 755 1098 828 igitur

226 851 280 908 tibi
294 869 438 925 propone:
459 849 681 927 amplitudinem
700 860 731 912 et
744 853 827 930 queri
850 856 995 930 quendam
1009 873 1097 931 exag-

225 951 404 1026 gerationem
433 969 519 1026 quam
543 953 714 1012 altissimum
737 954 840 1022 enimi,
866 952 940 1029 ¹qui
968 956 1096 1014 monime

225 1052 336 1110 eminet
374 1053 598 1110 contemnendis
639 1058 671 1111 et
709 1053 909 1127 derpieiendie
941 1053 1099 1124 doloribur,

224 1165 312 1206 uuum
336 1167 400 1206 eene
414 1149 543 1207 omnium
559 1167 620 1207 rem
641 1149 854 1223 pulcerrimum,
869 1165 961 1224 eoque
975 1149 1098 1224 pulerio·

225 1265 297 1316 rem,
323 1247 349 1304 ei
370 1254 459 1306 vuoet
479 1251 596 1322 populo,
618 1265 711 1324 neque
734 1250 868 1322 pluuium
887 1254 1019 1322 neptuno,
1036 1247 1098 1308 ”re

226 1351 340 1404 tuntum
354 1346 418 1420 ipro
430 1348 569 1405 delectet.
583 1348 744 1424 quinetiam
764 1349 836 1406 mihi
859 1348 977 1424 qtridem
1000 1349 1099 1408 leudu-

226 1445 330 1506 bilioru
358 1446 496 1504 videntur
512 1446 622 1516 omniu,
648 1463 722 1522 quae
748 1447 812 1506 eine
827 1447 1040 1515 venditatione,
1067 1452 1100 1506 et

162 1609 164 1617 ,
226 1545 290 1603 eine
305 1548 411 1620 populo
421 1545 603 1614 tentetiunt:
624 1545 914 1622 nonquoiugiendur
926 1545 967 1606 rit
986 1543 1100 1624 (omnin

226 1644 306 1704 enim
317 1645 471 1703 beneiuotu
484 1646 515 1704 iu
528 1649 593 1704 tuoe
603 1664 636 1704 ue
646 1645 787 1704 ootloeuri
799 1643 915 1724 volunt)
934 1647 986 1704 red
1000 1651 1099 1706 tumen

213 1747 338 1820 'nullum
352 1746 496 1804 theutrum
508 1745 609 1802 virtuti
623 1745 806 1804 eoneoientie
820 1744 913 1820 mnjue
926 1749 980 1802 ert.

175 1840 216 1903 2?
270 1845 368 1918 Atque
391 1845 424 1901 in
439 1845 539 1917 primir
560 1843 732 1903 meditemur
745 1845 828 1912 illud,
848 1850 880 1904 ut
894 1846 969 1904 hoen
988 1844 1100 1918 putten-

228 1942 270 2000 tie
284 1944 425 2010 dotorum,
438 1961 524 2018 quum
547 1961 635 2018 eeepe
652 1945 716 2018 jum
736 1945 828 2004 uuimi
847 1943 1014 2003 intentione
1035 1943 1100 2002 dixi

229 2059 293 2100 eree
308 2043 486 2110 firmandum,
500 2043 531 2100 in
552 2044 633 2102 omui
657 2061 763 2118 genere
777 2061 811 2102 re
824 2044 1007 2120 aequabilem
1021 2059 1100 2118 prue-

117 2137 118 2141 ’
229 2142 306 2198 beot.
320 2157 408 2214 euepe
423 2141 501 2200 enim
520 2142 613 2210 multi,
626 2143 675 2218 qni
689 2148 740 2201 eut
754 2151 871 2217 propter
885 2142 1027 2202 victorine
1050 2159 1100 2202 etr·

230 2241 391 2314 piditutem,
410 2238 429 2272 ¹¹
438 2247 488 2298 eut
515 2250 631 2316 propter
652 2243 762 2315 gloriae
784 2259 922 2310 umorem,
941 2247 991 2300 eut
1009 2241 1100 2300 etiem

229 2339 318 2414 utJue
330 2357 422 2407 enum,
440 2344 470 2396 et
486 2340 650 2398 libertatem
670 2346 814 2408 tenerent,
830 2343 952 2398 vulnere
975 2357 1101 2414 excepe-
1149 2403 1152 2414 ,

230 2438 437 2506 ruutlortiter,
458 2445 489 2497 et
511 2443 646 2508 tulerunt,
660 2439 751 2498 iidem
775 2440 884 2498 omineu
907 2439 1099 2500 eontentioue

230 2539 358 2597 dolorem
372 2539 464 2598 morbi
483 2540 557 2598 terre
573 2559 631 2598 non
656 2545 784 2614 puerunt.
799 2557 893 2615 neque
913 2541 993 2598 enim
1006 2539 1099 2608 iilum.

229 2655 314 2713 quem
327 2638 414 2696 luuile
428 2642 563 2707 tulerunt,
583 2640 706 2707 ratione,
719 2645 769 2698 aut
792 2639 937 2713 rapientia
964 2640 1100 2707 tulerunt,

228 2739 280 2795 eed
293 2739 391 2797 etudio
403 2739 509 2813 potius,
523 2745 553 2796 et
565 2741 667 2814 glorie.
689 2740 788 2817 iteque
803 2740 916 2798 burburi
929 2739 1056 2816 quidum,
1068 2744 1100 2798 el

259 2893 269 2924 ⁸
283 2893 333 2940 Huc
341 2894 433 2954 igilium]
466 2893 513 2941 Ms.
527 2893 600 2942 Guelt.
612 2893 676 2942 Huec
684 2895 702 2941 i.

259 2971 271 3002 ¹
284 2987 339 3031 quoe
346 2973 441 3018 monime
452 2973 540 3034 eminet]
557 2974 636 3020 eminet
646 2975 746 3033 prolecto
756 2989 799 3021 uon
810 2975 908 3034 pertinet
916 2975 945 3020 ad
955 2973 1099 3022 altitudinem

231 3033 524 3136 ἓιῑιὶῑιτεέςίἕίιινιῧιέζιίζῖιέιεεά
535 3032 563 3078 od
573 3033 683 3078 animum.
716 3035 793 3095 ltaque
804 3035 840 3080 hie
858 3034 997 3081 scribendum
1008 3043 1042 3080 eet
1051 3033 1099 3094 qui,

260 3167 281 3199 ¹⁰
295 3184 316 3214 re
325 3173 413 3214 tuntum
421 3167 466 3224 ipse
474 3169 581 3230 delectet]
612 3168 658 3216 Vix
673 3174 757 3217 rectum
767 3177 807 3218 ert.
819 3178 875 3234 puto
883 3173 1001 3232 legendum
1011 3173 1100 3218 delectr-

232 3231 278 3273 tur.
309 3229 357 3274 Mn,
368 3227 443 3279 Gueli.
454 3230 522 3273 etium
533 3229 553 3274 n'
561 3233 655 3274 tontum.
671 3231 676 3240 ’

261 3307 280 3338 ¹¹
294 3312 334 3354 out
351 3308 542 3368 proptrrglorino]
560 3309 638 3354 dirrum
657 3308 699 3354 hoe
710 3313 752 3356 eet.
769 3324 808 3356 eur
818 3310 877 3356 enim
896 3317 997 3358 nonnul
1012 3308 1098 3368 glottae

233 3364 279 3410 uine
294 3373 387 3424 propter.
397 3368 435 3413 red
446 3367 497 3412 edd.
514 3382 547 3428 pr.
560 3367 644 3414 addunt
654 3383 756 3422 eruorem,
767 3371 825 3429 quod
836 3370 929 3416 restitui.
969 3371 1036 3416 Aldus
1056 3367 1101 3428 pri·

232 3437 280 3469 mur
289 3425 369 3471 omisit.
380 3426 487 3486 abestque
497 3432 520 3474 et
530 3441 543 3472 e
554 3427 601 3473 M.
612 3427 686 3474 Gueli.
699 3428 801 3475 Davisius
811 3429 882 3474 edidit
889 3430 994 3488 glorium,
1006 3428 1045 3476 red
1053 3429 1100 3474 tine

233 3482 301 3529 librir.
312 3485 407 3544 intelligi
416 3486 492 3546 utique
502 3492 576 3547 potent
586 3501 613 3532 ex
620 3489 767 3536 antecedente
776 3489 925 3544 cupiditatem.
