2538 4188
458 272 557 324 arnna
576 271 754 324 sununnus.
984 281 1043 340 tlt

178 422 320 482 Africam.
361 421 440 494 Ergo
454 426 485 480 et
499 437 598 480 earnm
612 426 708 496 panes
721 420 855 498 diligunt,
868 425 899 480 ut
913 421 1047 491 Romam,

176 523 320 588 Athenas,
338 521 481 594 Spartam,
504 521 656 580 Rhodum:
677 525 818 580 eteorum
832 521 944 580 urbium
964 539 1047 595 sepa·

173 620 260 678 ratim
275 621 312 678 ab
326 618 481 688 universis,
495 619 624 696 singulos
644 621 778 696 diligunt,
791 624 823 678 ut
848 621 954 696 Pyrrhi
968 623 1046 679 bello

179 718 311 785 Curium,
336 717 514 786 Fabricium,
542 719 778 790 Coruncanium
808 719 901 793 primo
933 719 1047 778 Punico

174 816 352 884 Calatinum,
371 815 524 886 Duillium,
543 818 706 886 Metellum,
728 819 896 888 Lutatium
917 819 1046 876 secundo

178 913 350 985 Maximum,
375 915 558 987 Marcellum,
587 918 777 988 Africanum
799 924 864 990 post
884 917 1046 988 hos,Paul·

173 1013 244 1080 lum,
272 1015 447 1085 Gracchum,
471 1017 626 1086 Catonem,
650 1019 802 1092 patrumve
822 1016 960 1074 memoria
983 1016 1047 1074 Sci·

174 1111 302 1185 pionem,
327 1114 479 1173 Laelium:
510 1121 673 1192 multosque
696 1121 858 1191 praeterea,
889 1119 919 1174 et
946 1121 1045 1174 nostra

173 1209 291 1278 civitas,
315 1217 345 1268 et
373 1213 499 1272 Graecia
522 1217 591 1275 tulit
614 1215 776 1291 singulares
800 1215 895 1285 viros,
925 1231 1044 1289 quorum

172 1310 331 1378 neminem,
345 1311 402 1370 nisi
416 1313 541 1388 juvante
555 1317 622 1383 deo,
645 1317 733 1373 talem
755 1314 843 1372 luisse
865 1313 1043 1372 credendum

172 1415 227 1468 est.
282 1412 366 1484 Quae
397 1413 472 1471 ratio
512 1414 626 1489 politas,
657 1415 841 1488 maximeque
875 1413 1043 1478 Homerum,

175 1508 301 1588 impulit,
328 1516 361 1569 ut
388 1493 567 1586 principibus
590 1516 720 1580 heroum,
749 1512 862 1587 Ulyssi,
895 1509 1046 1577 moment,

173 1608 401 1682 Agamemnoni,
428 1611 550 1678 Achilli,
575 1619 668 1671 certos
688 1616 769 1678 deos,
788 1610 997 1673 discriminum,
1014 1612 1044 1665 et

171 1706 367 1782 periculorum
381 1711 515 1780 comites,
530 1713 709 1788 adjungeret.
750 1713 906 1771 Praeterea
919 1709 1044 1782 ipsorum

170 1807 292 1862 deosum
318 1826 407 1879 saepe
428 1807 636 1879 praesentiae,v
646 1813 745 1879 quates
766 1815 851 1877 snpra
870 1818 1042 1862 commemo

169 1903 244 1970 ravi,
277 1905 437 1974 declarant,
471 1907 509 1964 ab
544 1903 589 1962 his
610 1909 641 1961 et
660 1903 842 1970 civitatibus,
865 1907 895 1960 et
918 1903 1038 1978 siugulis

168 2001 334 2060 hominibus
356 2004 481 2061 consuli.
503 2005 579 2078 quod
606 1999 724 2083 quidem
751 2002 923 2076 intelligitur
948 2001 1037 2061 etiam

166 2099 428 2176 significationibus
443 2117 536 2159 rerum
554 2101 721 2166 futurarum,
732 2118 805 2176 quae
822 2105 882 2158 tum
895 2102 1038 2174 dormien-

168 2199 254 2266 tibus,
267 2205 328 2258 tum
343 2200 533 2276 vigilantibus
547 2204 763 2276 portenduntur.
777 2205 868 2260 multa
889 2207 1039 2274 praeterea

169 2297 304 2364 ostentis,
317 2302 406 2356 multa
420 2301 452 2358 in
466 2301 544 2358 extis
565 2301 761 2369 admonemur,
785 2299 939 2374 multisque
953 2301 1038 2356 rebus

170 2397 259 2454 aliis:
304 2415 374 2471 quas
397 2399 548 2456 diuturnus
575 2417 642 2456 usus
666 2399 707 2458 ita
735 2399 859 2466 notavit,
883 2403 915 2454 ut
946 2404 1038 2456 artem

169 2494 362 2555 divinationis
384 2497 520 2555 efficeret.
562 2499 658 2556 Nemo
672 2498 761 2572 igitur
775 2497 819 2554 vir
839 2511 960 2569 magnus
973 2494 1037 2551 sine

167 2595 267 2670 utiquo
290 2596 388 2654 afflatu
409 2596 513 2654 divino
540 2614 676 2672 umquam
702 2596 766 2654 luit.
808 2593 874 2652 Nec
901 2611 973 2650 vero
996 2591 1038 2650 ita

168 2693 359 2752 refellendum
373 2700 426 2760 est,
440 2699 481 2762 ut,
494 2695 520 2752 si
533 2695 679 2767 segetibus
692 2699 741 2751 aut
754 2692 862 2751 vinetis
876 2691 1038 2765 cnjuspiam

167 2795 325 2866 temnentes
352 2793 496 2861 nocuerit,
519 2775 568 2852 aut
589 2791 615 2849 si
639 2793 706 2867 quid
730 2811 747 2848 e
773 2792 854 2851 vitae
875 2791 1037 2850 commodis

168 2877 253 2950 casus
278 2892 438 2960 abstulerit,
461 2892 598 2960 eumeni
612 2891 679 2966 quid
699 2891 801 2948 horum
824 2889 974 2958 acciderit,
987 2893 1038 2948 ant

170 2987 301 3047 invisum
316 2991 381 3060 deo,
394 2994 444 3048 ant
457 2993 623 3066 neglectum
636 2992 721 3048 adeo
733 2991 908 3064 judicemus.
930 2989 1041 3063 lllagns

169 3087 213 3146 dii
240 3095 353 3155 curant,
381 3106 470 3163 parva
493 3089 652 3165 negligunt.
703 3087 821 3165 Magnis
845 3094 942 3145 antem
966 3087 1038 3145 viris

166 3183 334 3262 ”prospere
356 3205 471 3262 semper
493 3188 637 3248 eveniunt
659 3205 760 3248 omnes
781 3203 843 3246 rea:
874 3184 900 3244 si
919 3183 1037 3259 quidem

196 3359 219 3393 ⁰⁰
229 3373 331 3420 mmm
342 3376 425 3419 semper
441 3353 547 3412 eveniar&
560 3376 635 3410 muner
648 3359 692 3422 rar]
711 3375 724 3406 s
740 3359 798 3408 Mu.
814 3357 920 3407 madunt
936 3355 1023 3406 addidit

168 3417 280 3472 Davisius.
290 3421 407 3472 htbmiet
415 3422 467 3472 edd.
478 3427 536 3472 vert.
546 3422 633 3472 Bonum
647 3419 747 3470 Mediol.
763 3417 819 3467 Ald.
