<?xml version="1.0" encoding="UTF-8"?>
<!DOCTYPE html PUBLIC "-//W3C//DTD XHTML 1.0 Transitional//EN"
    "http://www.w3.org/TR/xhtml1/DTD/xhtml1-transitional.dtd">
<html xmlns="http://www.w3.org/1999/xhtml" xml:lang="en" lang="en">
 <head>
  <title>
</title>
<meta http-equiv="Content-Type" content="text/html;charset=utf-8" />
  <meta name='ocr-system' content='tesseract 3.04.00' />
  <meta name='ocr-capabilities' content='ocr_page ocr_carea ocr_par ocr_line ocrx_word'/>
</head>
<body>
  <div class='ocr_page' id='page_1' title='image "./mtvlliiciceroni11cicegoog/mtvlliiciceroni11cicegoog_0160.png"; bbox 0 0 2552 4208; ppageno 0'>
   <div class='ocr_carea' id='block_1_1' title="bbox 478 397 1058 472">
    <p class='ocr_par' dir='ltr' id='par_1_1' title="bbox 478 397 1058 472">
     <span class='ocr_line' id='line_1_1' title="bbox 478 397 1058 472; baseline 0.029 -16"><span class='ocrx_word' id='word_1_1' title='bbox 478 397 577 458; x_wconf 67' lang='lat' dir='ltr'>LIBER</span> <span class='ocrx_word' id='word_1_2' title='bbox 590 399 741 458; x_wconf 66' lang='lat' dir='ltr'>TERTIUS.</span> <span class='ocrx_word' id='word_1_3' title='bbox 995 409 1058 472; x_wconf 66' lang='lat'>14!</span> 
     </span>
    </p>
   </div>
   <div class='ocr_carea' id='block_1_2' title="bbox 182 538 1101 933">
    <p class='ocr_par' dir='ltr' id='par_1_2' title="bbox 182 538 1101 933">
     <span class='ocr_line' id='line_1_2' title="bbox 182 538 1101 634; baseline -0.002 -18"><span class='ocrx_word' id='word_1_4' title='bbox 182 566 252 616; x_wconf 80' lang='lat' dir='ltr'>horn</span> <span class='ocrx_word' id='word_1_5' title='bbox 265 538 465 618; x_wconf 71' lang='lat' dir='ltr'>eonfitehd&#39;un&#39;r&#39;</span> <span class='ocrx_word' id='word_1_6' title='bbox 476 561 530 616; x_wconf 83' lang='lat' dir='ltr'>est.</span> <span class='ocrx_word' id='word_1_7' title='bbox 572 559 663 634; x_wconf 83' lang='lat' dir='ltr'>idque</span> <span class='ocrx_word' id='word_1_8' title='bbox 674 557 820 617; x_wconf 80' lang='lat' dir='ltr'>indicetur</span> <span class='ocrx_word' id='word_1_9' title='bbox 833 571 932 614; x_wconf 90' lang='lat' dir='ltr'>eorum</span> <span class='ocrx_word' id='word_1_10' title='bbox 946 554 1059 630; x_wconf 84' lang='lat' dir='ltr'>petisn-</span> <span class='ocrx_word' id='word_1_11' title='bbox 1095 559 1101 574; x_wconf 88' lang='grc'><em>“</em></span> 
     </span>
     <span class='ocr_line' id='line_1_3' title="bbox 182 654 1056 733; baseline -0.002 -19"><span class='ocrx_word' id='word_1_12' title='bbox 182 655 235 722; x_wconf 84' lang='lat' dir='ltr'>tis,</span> <span class='ocrx_word' id='word_1_13' title='bbox 249 657 299 732; x_wconf 89' lang='lat' dir='ltr'>qul</span> <span class='ocrx_word' id='word_1_14' title='bbox 312 674 380 715; x_wconf 88' lang='lat' dir='ltr'>oum</span> <span class='ocrx_word' id='word_1_15' title='bbox 394 659 485 714; x_wconf 84' lang='lat' dir='ltr'>mults</span> <span class='ocrx_word' id='word_1_16' title='bbox 498 658 558 715; x_wconf 84' lang='lat' dir='ltr'>sint</span> <span class='ocrx_word' id='word_1_17' title='bbox 571 673 659 732; x_wconf 80' lang='lat' dir='ltr'>saepe</span> <span class='ocrx_word' id='word_1_18' title='bbox 673 657 811 733; x_wconf 78' lang='lat' dir='ltr'><strong>perpessi,</strong></span> <span class='ocrx_word' id='word_1_19' title='bbox 825 656 939 714; x_wconf 77' lang='lat' dir='ltr'><strong>facilius</strong></span> <span class='ocrx_word' id='word_1_20' title='bbox 950 654 1056 730; x_wconf 85' lang='lat' dir='ltr'>lerunt,</span> 
     </span>
     <span class='ocr_line' id='line_1_4' title="bbox 183 755 1058 833; baseline -0.002 -19"><span class='ocrx_word' id='word_1_21' title='bbox 183 756 323 832; x_wconf 83' lang='lat' dir='ltr'>quidquid</span> <span class='ocrx_word' id='word_1_22' title='bbox 338 756 466 814; x_wconf 82' lang='lat' dir='ltr'>nooidit:</span> <span class='ocrx_word' id='word_1_23' title='bbox 486 757 710 833; x_wconf 75' lang='lat' dir='ltr'>obduruisseque</span> <span class='ocrx_word' id='word_1_24' title='bbox 724 775 790 816; x_wconf 86' lang='lat' dir='ltr'>sese</span> <span class='ocrx_word' id='word_1_25' title='bbox 803 763 906 816; x_wconf 84' lang='lat' dir='ltr'>ooutrn</span> <span class='ocrx_word' id='word_1_26' title='bbox 914 755 1058 816; x_wconf 76' lang='lat' dir='ltr'>tortuosus</span> 
     </span>
     <span class='ocr_line' id='line_1_5' title="bbox 183 854 806 933; baseline 0.003 -18"><span class='ocrx_word' id='word_1_27' title='bbox 183 855 376 916; x_wconf 69' lang='lat' dir='ltr'>arbitrantur:</span> <span class='ocrx_word' id='word_1_28' title='bbox 397 860 429 914; x_wconf 90' lang='lat' dir='ltr'>ut</span> <span class='ocrx_word' id='word_1_29' title='bbox 441 855 492 915; x_wconf 91' lang='lat' dir='ltr'>ille</span> <span class='ocrx_word' id='word_1_30' title='bbox 506 854 526 889; x_wconf 85' lang='lat'>¹¹</span> <span class='ocrx_word' id='word_1_31' title='bbox 537 858 613 931; x_wconf 78' lang='lat' dir='ltr'>apud</span> <span class='ocrx_word' id='word_1_32' title='bbox 624 857 806 933; x_wconf 85' lang='lat' dir='ltr'>Euripidem,</span> 
     </span>
    </p>
   </div>
   <div class='ocr_carea' id='block_1_3' title="bbox 271 1009 793 1394">
    <p class='ocr_par' dir='ltr' id='par_1_3' title="bbox 271 1009 793 1394">
     <span class='ocr_line' id='line_1_6' title="bbox 271 1009 793 1074; baseline -0.002 -14"><span class='ocrx_word' id='word_1_33' title='bbox 271 1012 295 1060; x_wconf 77' lang='lat' dir='ltr'>Si</span> <span class='ocrx_word' id='word_1_34' title='bbox 305 1011 360 1062; x_wconf 85' lang='lat' dir='ltr'>mihi</span> <span class='ocrx_word' id='word_1_35' title='bbox 369 1026 427 1060; x_wconf 84' lang='lat' dir='ltr'>nune</span> <span class='ocrx_word' id='word_1_36' title='bbox 434 1009 504 1060; x_wconf 85' lang='lat' dir='ltr'>tristis</span> <span class='ocrx_word' id='word_1_37' title='bbox 512 1012 608 1074; x_wconf 85' lang='lat' dir='ltr'>primum</span> <span class='ocrx_word' id='word_1_38' title='bbox 617 1013 725 1062; x_wconf 76' lang='lat' dir='ltr'>illuxisset</span> <span class='ocrx_word' id='word_1_39' title='bbox 735 1013 793 1074; x_wconf 75' lang='lat' dir='ltr'>dies,</span> 
     </span>
     <span class='ocr_line' id='line_1_7' title="bbox 272 1091 765 1152; baseline 0 -13"><span class='ocrx_word' id='word_1_40' title='bbox 272 1091 324 1139; x_wconf 83' lang='lat' dir='ltr'>Nee</span> <span class='ocrx_word' id='word_1_41' title='bbox 333 1096 380 1140; x_wconf 78' lang='lat' dir='ltr'>tam</span> <span class='ocrx_word' id='word_1_42' title='bbox 389 1107 520 1140; x_wconf 81' lang='lat' dir='ltr'>aerumnoso</span> <span class='ocrx_word' id='word_1_43' title='bbox 529 1092 692 1152; x_wconf 65' lang='lat' dir='ltr'>navigavinern</span> <span class='ocrx_word' id='word_1_44' title='bbox 700 1093 765 1142; x_wconf 73' lang='lat' dir='ltr'>solos</span> 
     </span>
     <span class='ocr_line' id='line_1_8' title="bbox 273 1169 768 1236; baseline 0.004 -18"><span class='ocrx_word' id='word_1_45' title='bbox 273 1169 341 1218; x_wconf 80' lang='lat' dir='ltr'>Esset</span> <span class='ocrx_word' id='word_1_46' title='bbox 351 1171 443 1218; x_wconf 86' lang='lat' dir='ltr'>dolendi</span> <span class='ocrx_word' id='word_1_47' title='bbox 453 1187 533 1231; x_wconf 68' lang='lat' dir='ltr'>cnusep</span> <span class='ocrx_word' id='word_1_48' title='bbox 548 1178 575 1218; x_wconf 87' lang='lat' dir='ltr'>ut</span> <span class='ocrx_word' id='word_1_49' title='bbox 585 1171 668 1231; x_wconf 74' lang='lat' dir='ltr'>iniecto</span> <span class='ocrx_word' id='word_1_50' title='bbox 676 1172 768 1236; x_wconf 87' lang='lat' dir='ltr'>equulei</span> 
     </span>
     <span class='ocr_line' id='line_1_9' title="bbox 272 1247 749 1312; baseline 0.006 -15"><span class='ocrx_word' id='word_1_51' title='bbox 272 1247 349 1297; x_wconf 78' lang='lat' dir='ltr'>Freno</span> <span class='ocrx_word' id='word_1_52' title='bbox 359 1255 453 1312; x_wconf 84' lang='lat' dir='ltr'>repente</span> <span class='ocrx_word' id='word_1_53' title='bbox 460 1257 522 1298; x_wconf 79' lang='lat' dir='ltr'>tsstu</span> <span class='ocrx_word' id='word_1_54' title='bbox 531 1252 672 1310; x_wconf 73' lang='lat' dir='ltr'>exagitantur</span> <span class='ocrx_word' id='word_1_55' title='bbox 681 1265 749 1300; x_wconf 79' lang='lat' dir='ltr'>nove.</span> 
     </span>
     <span class='ocr_line' id='line_1_10' title="bbox 274 1329 714 1394; baseline 0.002 -15"><span class='ocrx_word' id='word_1_56' title='bbox 274 1329 319 1379; x_wconf 74' lang='lat' dir='ltr'>neu</span> <span class='ocrx_word' id='word_1_57' title='bbox 326 1330 375 1389; x_wconf 76' lang='lat' dir='ltr'>jam</span> <span class='ocrx_word' id='word_1_58' title='bbox 384 1329 488 1378; x_wconf 71' lang='lat' dir='ltr'>arbactus</span> <span class='ocrx_word' id='word_1_59' title='bbox 497 1329 592 1380; x_wconf 79' lang='lat' dir='ltr'>miseriis</span> <span class='ocrx_word' id='word_1_60' title='bbox 600 1331 714 1394; x_wconf 79' lang='lat' dir='ltr'>nister-pul.</span> 
     </span>
    </p>
   </div>
   <div class='ocr_carea' id='block_1_4' title="bbox 183 1468 1082 1648">
    <p class='ocr_par' dir='ltr' id='par_1_4' title="bbox 183 1468 1082 1648">
     <span class='ocr_line' id='line_1_11' title="bbox 183 1468 1058 1548; baseline -0.002 -18"><span class='ocrx_word' id='word_1_61' title='bbox 183 1468 370 1546; x_wconf 80' lang='lat' dir='ltr'>Delatigntio</span> <span class='ocrx_word' id='word_1_62' title='bbox 380 1469 469 1546; x_wconf 83' lang='lat' dir='ltr'>igitur</span> <span class='ocrx_word' id='word_1_63' title='bbox 482 1471 662 1530; x_wconf 82' lang='lat' dir='ltr'>miseriorum</span> <span class='ocrx_word' id='word_1_64' title='bbox 676 1471 873 1548; x_wconf 72' lang='lat' dir='ltr'>aegritudines</span> <span class='ocrx_word' id='word_1_65' title='bbox 887 1487 955 1530; x_wconf 84' lang='lat' dir='ltr'>oum</span> <span class='ocrx_word' id='word_1_66' title='bbox 968 1469 1058 1529; x_wconf 80' lang='lat' dir='ltr'>leniat</span> 
     </span>
     <span class='ocr_line' id='line_1_12' title="bbox 184 1569 1082 1648; baseline 0.001 -21"><span class='ocrx_word' id='word_1_67' title='bbox 184 1569 321 1637; x_wconf 89' lang='lat' dir='ltr'>leniores,</span> <span class='ocrx_word' id='word_1_68' title='bbox 333 1569 462 1644; x_wconf 82' lang='lat' dir='ltr'>intelligi</span> <span class='ocrx_word' id='word_1_69' title='bbox 487 1588 608 1628; x_wconf 82' lang='lat' dir='ltr'>necesse</span> <span class='ocrx_word' id='word_1_70' title='bbox 622 1577 677 1640; x_wconf 87' lang='lat' dir='ltr'>est,</span> <span class='ocrx_word' id='word_1_71' title='bbox 703 1589 761 1630; x_wconf 91' lang='lat' dir='ltr'>non</span> <span class='ocrx_word' id='word_1_72' title='bbox 779 1589 838 1630; x_wconf 87' lang='lat' dir='ltr'>rem</span> <span class='ocrx_word' id='word_1_73' title='bbox 862 1572 956 1643; x_wconf 80' lang='lat' dir='ltr'>ipsam</span> <span class='ocrx_word' id='word_1_74' title='bbox 970 1574 1059 1644; x_wconf 78' lang='lat' dir='ltr'>atque</span> <span class='ocrx_word' id='word_1_75' title='bbox 1079 1645 1082 1648; x_wconf 21' lang='grc' dir='ltr'>Ι</span> 
     </span>
    </p>
   </div>
   <div class='ocr_carea' id='block_1_5' title="bbox 8 1667 1059 1742">
    <p class='ocr_par' dir='ltr' id='par_1_5' title="bbox 8 1667 1059 1742">
     <span class='ocr_line' id='line_1_13' title="bbox 8 1667 1059 1742; baseline 0 -16"><span class='ocrx_word' id='word_1_76' title='bbox 8 1687 9 1690; x_wconf 66' lang='grc'>’</span> <span class='ocrx_word' id='word_1_77' title='bbox 82 1699 87 1704; x_wconf 88' lang='grc'><strong>-</strong></span> <span class='ocrx_word' id='word_1_78' title='bbox 185 1684 304 1726; x_wconf 78' lang='lat' dir='ltr'>causum</span> <span class='ocrx_word' id='word_1_79' title='bbox 331 1669 442 1726; x_wconf 84' lang='lat' dir='ltr'>lonlein</span> <span class='ocrx_word' id='word_1_80' title='bbox 469 1687 534 1726; x_wconf 88' lang='lat' dir='ltr'>esse</span> <span class='ocrx_word' id='word_1_81' title='bbox 561 1669 706 1734; x_wconf 84' lang='lat' dir='ltr'>moeroris.</span> <span class='ocrx_word' id='word_1_82' title='bbox 748 1668 919 1742; x_wconf 75' lang='lat' dir='ltr'>Philosophi</span> <span class='ocrx_word' id='word_1_83' title='bbox 943 1667 1059 1738; x_wconf 78' lang='lat' dir='ltr'>summi,</span> 
     </span>
    </p>
   </div>
   <div class='ocr_carea' id='block_1_6' title="bbox 151 1767 1060 3331">
    <p class='ocr_par' dir='ltr' id='par_1_6' title="bbox 151 1767 1060 3331">
     <span class='ocr_line' id='line_1_14' title="bbox 185 1767 1060 1842; baseline 0 -16"><span class='ocrx_word' id='word_1_84' title='bbox 185 1784 281 1842; x_wconf 84' lang='lat' dir='ltr'>neque</span> <span class='ocrx_word' id='word_1_85' title='bbox 294 1771 363 1824; x_wconf 88' lang='lat' dir='ltr'>dum</span> <span class='ocrx_word' id='word_1_86' title='bbox 377 1772 476 1825; x_wconf 82' lang='lat' dir='ltr'>tumen</span> <span class='ocrx_word' id='word_1_87' title='bbox 492 1770 666 1842; x_wconf 81' lang='lat' dir='ltr'>sapientium</span> <span class='ocrx_word' id='word_1_88' title='bbox 681 1767 841 1834; x_wconf 83' lang='lat' dir='ltr'>oonseouti,</span> <span class='ocrx_word' id='word_1_89' title='bbox 856 1785 953 1826; x_wconf 87' lang='lat' dir='ltr'>noune</span> <span class='ocrx_word' id='word_1_90' title='bbox 972 1769 1060 1826; x_wconf 84' lang='lat' dir='ltr'>iutel-</span> 
     </span>
     <span class='ocr_line' id='line_1_15' title="bbox 184 1865 1059 1940; baseline 0 -14"><span class='ocrx_word' id='word_1_91' title='bbox 184 1865 289 1940; x_wconf 80' lang='lat' dir='ltr'>lignnt,</span> <span class='ocrx_word' id='word_1_92' title='bbox 308 1867 339 1925; x_wconf 92' lang='lat' dir='ltr'>in</span> <span class='ocrx_word' id='word_1_93' title='bbox 352 1884 466 1924; x_wconf 87' lang='lat' dir='ltr'>summo</span> <span class='ocrx_word' id='word_1_94' title='bbox 478 1884 510 1924; x_wconf 88' lang='lat' dir='ltr'>se</span> <span class='ocrx_word' id='word_1_95' title='bbox 525 1870 603 1925; x_wconf 84' lang='lat' dir='ltr'>molo</span> <span class='ocrx_word' id='word_1_96' title='bbox 617 1865 706 1926; x_wconf 84' lang='lat' dir='ltr'>esse?</span> <span class='ocrx_word' id='word_1_97' title='bbox 733 1872 801 1926; x_wconf 87' lang='lat' dir='ltr'>suut</span> <span class='ocrx_word' id='word_1_98' title='bbox 824 1867 904 1926; x_wconf 88' lang='lat' dir='ltr'>euim</span> <span class='ocrx_word' id='word_1_99' title='bbox 919 1866 1059 1940; x_wconf 85' lang='lat' dir='ltr'>insipien·</span> 
     </span>
     <span class='ocr_line' id='line_1_16' title="bbox 184 1965 1057 2042; baseline 0 -18"><span class='ocrx_word' id='word_1_100' title='bbox 184 1969 245 2024; x_wconf 85' lang='lat' dir='ltr'>tes:</span> <span class='ocrx_word' id='word_1_101' title='bbox 267 1965 541 2042; x_wconf 81' lang='lat' dir='ltr'>nequeiusipientis</span> <span class='ocrx_word' id='word_1_102' title='bbox 552 1969 642 2024; x_wconf 92' lang='lat' dir='ltr'>ullurn</span> <span class='ocrx_word' id='word_1_103' title='bbox 658 1967 748 2042; x_wconf 87' lang='lat' dir='ltr'>majus</span> <span class='ocrx_word' id='word_1_104' title='bbox 757 1970 865 2026; x_wconf 84' lang='lat' dir='ltr'>malum</span> <span class='ocrx_word' id='word_1_105' title='bbox 879 1973 940 2026; x_wconf 85' lang='lat' dir='ltr'>est:</span> <span class='ocrx_word' id='word_1_106' title='bbox 961 1983 1057 2042; x_wconf 77' lang='lat' dir='ltr'>nequo</span> 
     </span>
     <span class='ocr_line' id='line_1_17' title="bbox 184 2063 1058 2144; baseline 0.002 -20"><span class='ocrx_word' id='word_1_107' title='bbox 184 2069 283 2124; x_wconf 85' lang='lat' dir='ltr'>tumen</span> <span class='ocrx_word' id='word_1_108' title='bbox 298 2069 408 2142; x_wconf 83' lang='lat' dir='ltr'>lugent.</span> <span class='ocrx_word' id='word_1_109' title='bbox 433 2066 501 2141; x_wconf 88' lang='lat' dir='ltr'>quiu</span> <span class='ocrx_word' id='word_1_110' title='bbox 524 2063 589 2124; x_wconf 85' lang='lat' dir='ltr'>ita?</span> <span class='ocrx_word' id='word_1_111' title='bbox 618 2066 686 2144; x_wconf 81' lang='lat' dir='ltr'>quin</span> <span class='ocrx_word' id='word_1_112' title='bbox 708 2067 775 2125; x_wconf 89' lang='lat' dir='ltr'>huio</span> <span class='ocrx_word' id='word_1_113' title='bbox 794 2067 897 2142; x_wconf 83' lang='lat' dir='ltr'>generi</span> <span class='ocrx_word' id='word_1_114' title='bbox 916 2069 1058 2126; x_wconf 79' lang='lat' dir='ltr'>malorum</span> 
     </span>
     <span class='ocr_line' id='line_1_18' title="bbox 186 2163 1058 2242; baseline -0.002 -18"><span class='ocrx_word' id='word_1_115' title='bbox 186 2163 207 2198; x_wconf 76' lang='lat'>¹⁵</span> <span class='ocrx_word' id='word_1_116' title='bbox 217 2184 275 2224; x_wconf 91' lang='lat' dir='ltr'>non</span> <span class='ocrx_word' id='word_1_117' title='bbox 291 2166 437 2242; x_wconf 80' lang='lat' dir='ltr'>effingitur</span> <span class='ocrx_word' id='word_1_118' title='bbox 450 2165 502 2223; x_wconf 82' lang='lat' dir='ltr'>illa</span> <span class='ocrx_word' id='word_1_119' title='bbox 516 2165 627 2240; x_wconf 89' lang='lat' dir='ltr'>opinio,</span> <span class='ocrx_word' id='word_1_120' title='bbox 649 2167 773 2226; x_wconf 83' lang='lat' dir='ltr'>Rectum</span> <span class='ocrx_word' id='word_1_121' title='bbox 787 2185 851 2224; x_wconf 88' lang='lat' dir='ltr'>esse</span> <span class='ocrx_word' id='word_1_122' title='bbox 867 2172 897 2224; x_wconf 84' lang='lat' dir='ltr'>et</span> <span class='ocrx_word' id='word_1_123' title='bbox 922 2181 1058 2240; x_wconf 80' lang='lat' dir='ltr'>aequum.</span> 
     </span>
     <span class='ocr_line' id='line_1_19' title="bbox 185 2264 1056 2342; baseline -0.003 -19"><span class='ocrx_word' id='word_1_124' title='bbox 185 2270 217 2324; x_wconf 86' lang='lat' dir='ltr'>et</span> <span class='ocrx_word' id='word_1_125' title='bbox 237 2265 274 2322; x_wconf 80' lang='lat' dir='ltr'>sd</span> <span class='ocrx_word' id='word_1_126' title='bbox 295 2265 423 2323; x_wconf 79' lang='lat' dir='ltr'>officium</span> <span class='ocrx_word' id='word_1_127' title='bbox 445 2265 600 2338; x_wconf 84' lang='lat' dir='ltr'>pertinere,</span> <span class='ocrx_word' id='word_1_128' title='bbox 620 2283 706 2342; x_wconf 78' lang='lat' dir='ltr'>aegre</span> <span class='ocrx_word' id='word_1_129' title='bbox 731 2267 815 2334; x_wconf 81' lang='lat' dir='ltr'>terre,</span> <span class='ocrx_word' id='word_1_130' title='bbox 836 2265 912 2340; x_wconf 81' lang='lat' dir='ltr'>quod</span> <span class='ocrx_word' id='word_1_131' title='bbox 937 2264 1056 2338; x_wconf 80' lang='lat' dir='ltr'>sapiens</span> 
     </span>
     <span class='ocr_line' id='line_1_20' title="bbox 185 2363 1058 2440; baseline -0.001 -17"><span class='ocrx_word' id='word_1_132' title='bbox 185 2381 249 2423; x_wconf 90' lang='lat' dir='ltr'>non</span> <span class='ocrx_word' id='word_1_133' title='bbox 266 2363 314 2421; x_wconf 87' lang='lat' dir='ltr'>sis.</span> <span class='ocrx_word' id='word_1_134' title='bbox 339 2366 415 2439; x_wconf 84' lang='lat' dir='ltr'>quod</span> <span class='ocrx_word' id='word_1_135' title='bbox 442 2365 521 2423; x_wconf 88' lang='lat' dir='ltr'>idem</span> <span class='ocrx_word' id='word_1_136' title='bbox 544 2365 706 2440; x_wconf 80' lang='lat' dir='ltr'>affingimus</span> <span class='ocrx_word' id='word_1_137' title='bbox 729 2366 796 2424; x_wconf 89' lang='lat' dir='ltr'>huio</span> <span class='ocrx_word' id='word_1_138' title='bbox 818 2363 1003 2440; x_wconf 80' lang='lat' dir='ltr'>aegritudini,</span> <span class='ocrx_word' id='word_1_139' title='bbox 1024 2363 1058 2422; x_wconf 85' lang='lat' dir='ltr'>in</span> 
     </span>
     <span class='ocr_line' id='line_1_21' title="bbox 185 2463 1059 2539; baseline -0.003 -19"><span class='ocrx_word' id='word_1_140' title='bbox 185 2480 242 2538; x_wconf 83' lang='lat' dir='ltr'>qus</span> <span class='ocrx_word' id='word_1_141' title='bbox 256 2465 350 2521; x_wconf 81' lang='lat' dir='ltr'>luctus</span> <span class='ocrx_word' id='word_1_142' title='bbox 364 2463 459 2520; x_wconf 88' lang='lat' dir='ltr'>inest:</span> <span class='ocrx_word' id='word_1_143' title='bbox 484 2482 558 2539; x_wconf 82' lang='lat' dir='ltr'>quoe</span> <span class='ocrx_word' id='word_1_144' title='bbox 571 2465 700 2524; x_wconf 90' lang='lat' dir='ltr'>omnium</span> <span class='ocrx_word' id='word_1_145' title='bbox 716 2463 843 2522; x_wconf 83' lang='lat' dir='ltr'>maxima</span> <span class='ocrx_word' id='word_1_146' title='bbox 857 2468 912 2522; x_wconf 87' lang='lat' dir='ltr'>est.</span> <span class='ocrx_word' id='word_1_147' title='bbox 953 2463 1059 2536; x_wconf 78' lang='lat' dir='ltr'>ltaque</span> 
     </span>
     <span class='ocr_line' id='line_1_22' title="bbox 151 2559 1058 2638; baseline -0.002 -18"><span class='ocrx_word' id='word_1_148' title='bbox 151 2567 152 2571; x_wconf 76' lang='grc'>’</span> <span class='ocrx_word' id='word_1_149' title='bbox 187 2561 374 2630; x_wconf 85' lang='lat' dir='ltr'>Aristoteles,</span> <span class='ocrx_word' id='word_1_150' title='bbox 393 2568 508 2620; x_wconf 83' lang='lat' dir='ltr'>veteres</span> <span class='ocrx_word' id='word_1_151' title='bbox 523 2563 709 2636; x_wconf 87' lang='lat' dir='ltr'>philosophos</span> <span class='ocrx_word' id='word_1_152' title='bbox 729 2580 880 2629; x_wconf 78' lang='lat' dir='ltr'>accusans,</span> <span class='ocrx_word' id='word_1_153' title='bbox 894 2561 942 2638; x_wconf 90' lang='lat' dir='ltr'>qui</span> <span class='ocrx_word' id='word_1_154' title='bbox 957 2559 1058 2618; x_wconf 83' lang='lat' dir='ltr'>existi·</span> 
     </span>
     <span class='ocr_line' id='line_1_23' title="bbox 185 2660 1058 2737; baseline -0.002 -19"><span class='ocrx_word' id='word_1_155' title='bbox 185 2661 358 2728; x_wconf 77' lang='lat' dir='ltr'>movissent,</span> <span class='ocrx_word' id='word_1_156' title='bbox 371 2661 582 2735; x_wconf 80' lang='lat' dir='ltr'>philosophiam</span> <span class='ocrx_word' id='word_1_157' title='bbox 597 2662 655 2720; x_wconf 89' lang='lat' dir='ltr'>suis</span> <span class='ocrx_word' id='word_1_158' title='bbox 669 2661 796 2737; x_wconf 84' lang='lat' dir='ltr'>ingeniis</span> <span class='ocrx_word' id='word_1_159' title='bbox 810 2679 874 2718; x_wconf 86' lang='lat' dir='ltr'>esse</span> <span class='ocrx_word' id='word_1_160' title='bbox 888 2660 1058 2733; x_wconf 78' lang='lat' dir='ltr'>perlectam,</span> 
     </span>
     <span class='ocr_line' id='line_1_24' title="bbox 185 2757 1057 2836; baseline -0.002 -18"><span class='ocrx_word' id='word_1_161' title='bbox 185 2759 228 2818; x_wconf 81' lang='lat' dir='ltr'>ait</span> <span class='ocrx_word' id='word_1_162' title='bbox 241 2777 291 2816; x_wconf 86' lang='lat' dir='ltr'>eos</span> <span class='ocrx_word' id='word_1_163' title='bbox 302 2766 350 2817; x_wconf 80' lang='lat' dir='ltr'>sut</span> <span class='ocrx_word' id='word_1_164' title='bbox 361 2761 554 2830; x_wconf 87' lang='lat' dir='ltr'>stultissimos,</span> <span class='ocrx_word' id='word_1_165' title='bbox 567 2769 617 2818; x_wconf 86' lang='lat' dir='ltr'>sut</span> <span class='ocrx_word' id='word_1_166' title='bbox 631 2761 853 2836; x_wconf 80' lang='lat' dir='ltr'>gloriosissimos</span> <span class='ocrx_word' id='word_1_167' title='bbox 874 2758 982 2818; x_wconf 84' lang='lat' dir='ltr'>luisse:</span> <span class='ocrx_word' id='word_1_168' title='bbox 1004 2757 1057 2816; x_wconf 77' lang='lat' dir='ltr'>seu</span> 
     </span>
     <span class='ocr_line' id='line_1_25' title="bbox 184 2857 1057 2934; baseline -0.002 -18"><span class='ocrx_word' id='word_1_169' title='bbox 184 2875 217 2916; x_wconf 90' lang='lat' dir='ltr'>se</span> <span class='ocrx_word' id='word_1_170' title='bbox 233 2859 343 2926; x_wconf 83' lang='lat' dir='ltr'>viuere,</span> <span class='ocrx_word' id='word_1_171' title='bbox 362 2861 437 2934; x_wconf 86' lang='lat' dir='ltr'>quod</span> <span class='ocrx_word' id='word_1_172' title='bbox 463 2861 562 2932; x_wconf 88' lang='lat' dir='ltr'>psuois</span> <span class='ocrx_word' id='word_1_173' title='bbox 584 2859 670 2917; x_wconf 87' lang='lat' dir='ltr'>suuis</span> <span class='ocrx_word' id='word_1_174' title='bbox 692 2877 798 2932; x_wconf 79' lang='lat' dir='ltr'>magna</span> <span class='ocrx_word' id='word_1_175' title='bbox 820 2857 952 2916; x_wconf 82' lang='lat' dir='ltr'>secessio</span> <span class='ocrx_word' id='word_1_176' title='bbox 977 2857 1057 2914; x_wconf 77' lang='lat' dir='ltr'>luots</span> 
     </span>
     <span class='ocr_line' id='line_1_26' title="bbox 186 2957 1057 3033; baseline -0.002 -19"><span class='ocrx_word' id='word_1_177' title='bbox 186 2961 274 3024; x_wconf 85' lang='lat' dir='ltr'>esset,</span> <span class='ocrx_word' id='word_1_178' title='bbox 293 2959 376 3015; x_wconf 85' lang='lat' dir='ltr'>brevi</span> <span class='ocrx_word' id='word_1_179' title='bbox 399 2965 527 3032; x_wconf 86' lang='lat' dir='ltr'>tempore</span> <span class='ocrx_word' id='word_1_180' title='bbox 552 2957 764 3033; x_wconf 79' lang='lat' dir='ltr'>philosophiam</span> <span class='ocrx_word' id='word_1_181' title='bbox 788 2958 873 3030; x_wconf 75' lang='lat' dir='ltr'>{stone</span> <span class='ocrx_word' id='word_1_182' title='bbox 895 2957 1057 3021; x_wconf 74' lang='lat' dir='ltr'>absolutum</span> 
     </span>
     <span class='ocr_line' id='line_1_27' title="bbox 186 3053 1057 3131; baseline 0 -19"><span class='ocrx_word' id='word_1_183' title='bbox 186 3053 257 3114; x_wconf 86' lang='lat' dir='ltr'>lose.</span> <span class='ocrx_word' id='word_1_184' title='bbox 299 3055 522 3131; x_wconf 76' lang='lat' dir='ltr'>Theophrastus</span> <span class='ocrx_word' id='word_1_185' title='bbox 543 3065 640 3115; x_wconf 85' lang='lat' dir='ltr'>sutem</span> <span class='ocrx_word' id='word_1_186' title='bbox 656 3057 782 3114; x_wconf 86' lang='lat' dir='ltr'>moriens</span> <span class='ocrx_word' id='word_1_187' title='bbox 801 3072 954 3115; x_wconf 77' lang='lat' dir='ltr'>accusasse</span> <span class='ocrx_word' id='word_1_188' title='bbox 976 3062 1057 3112; x_wconf 82' lang='lat' dir='ltr'>netu·</span> 
     </span>
     <span class='ocr_line' id='line_1_28' title="bbox 183 3155 1057 3231; baseline -0.002 -17"><span class='ocrx_word' id='word_1_189' title='bbox 183 3171 248 3214; x_wconf 81' lang='lat' dir='ltr'>rsus</span> <span class='ocrx_word' id='word_1_190' title='bbox 260 3155 376 3224; x_wconf 81' lang='lat' dir='ltr'>dicitur,</span> <span class='ocrx_word' id='word_1_191' title='bbox 389 3155 465 3231; x_wconf 86' lang='lat' dir='ltr'>quod</span> <span class='ocrx_word' id='word_1_192' title='bbox 481 3155 587 3222; x_wconf 80' lang='lat' dir='ltr'>servis,</span> <span class='ocrx_word' id='word_1_193' title='bbox 600 3164 630 3215; x_wconf 87' lang='lat' dir='ltr'>et</span> <span class='ocrx_word' id='word_1_194' title='bbox 650 3157 816 3215; x_wconf 78' lang='lat' dir='ltr'>cornicibus</span> <span class='ocrx_word' id='word_1_195' title='bbox 839 3157 930 3214; x_wconf 84' lang='lat' dir='ltr'>vitsrn</span> <span class='ocrx_word' id='word_1_196' title='bbox 949 3155 1057 3212; x_wconf 82' lang='lat' dir='ltr'>stintur·</span> 
     </span>
     <span class='ocr_line' id='line_1_29' title="bbox 185 3255 1057 3331; baseline -0.002 -17"><span class='ocrx_word' id='word_1_197' title='bbox 185 3269 263 3325; x_wconf 82' lang='lat' dir='ltr'>nom,</span> <span class='ocrx_word' id='word_1_198' title='bbox 278 3273 397 3331; x_wconf 89' lang='lat' dir='ltr'>quorum</span> <span class='ocrx_word' id='word_1_199' title='bbox 411 3256 441 3314; x_wconf 83' lang='lat' dir='ltr'>ist</span> <span class='ocrx_word' id='word_1_200' title='bbox 456 3257 531 3316; x_wconf 90' lang='lat' dir='ltr'>nihil</span> <span class='ocrx_word' id='word_1_201' title='bbox 556 3256 727 3328; x_wconf 87' lang='lat' dir='ltr'>interesset;</span> <span class='ocrx_word' id='word_1_202' title='bbox 748 3255 923 3324; x_wconf 89' lang='lat' dir='ltr'>horninibus,</span> <span class='ocrx_word' id='word_1_203' title='bbox 936 3271 1057 3330; x_wconf 86' lang='lat' dir='ltr'>quorum</span> 
     </span>
    </p>
   </div>
   <div class='ocr_carea' id='block_1_7' title="bbox 187 3415 1057 3550">
    <p class='ocr_par' dir='ltr' id='par_1_7' title="bbox 187 3415 1057 3550">
     <span class='ocr_line' id='line_1_30' title="bbox 214 3415 1057 3482; baseline -0.001 -15"><span class='ocrx_word' id='word_1_204' title='bbox 214 3416 236 3452; x_wconf 81' lang='lat'>¹⁴</span> <span class='ocrx_word' id='word_1_205' title='bbox 249 3418 311 3476; x_wconf 70' lang='lat' dir='ltr'>ruod</span> <span class='ocrx_word' id='word_1_206' title='bbox 326 3415 470 3477; x_wconf 62' lang='lat' dir='ltr'>Euripidem]</span> <span class='ocrx_word' id='word_1_207' title='bbox 487 3417 633 3482; x_wconf 65' lang='lat' dir='ltr'>fragmentum</span> <span class='ocrx_word' id='word_1_208' title='bbox 653 3419 695 3466; x_wconf 87' lang='lat' dir='ltr'>hoc</span> <span class='ocrx_word' id='word_1_209' title='bbox 710 3433 791 3480; x_wconf 73' lang='lat' dir='ltr'>gruere</span> <span class='ocrx_word' id='word_1_210' title='bbox 805 3423 839 3467; x_wconf 84' lang='lat' dir='ltr'>est</span> <span class='ocrx_word' id='word_1_211' title='bbox 854 3433 884 3480; x_wconf 87' lang='lat' dir='ltr'>sp</span> <span class='ocrx_word' id='word_1_212' title='bbox 898 3415 1009 3466; x_wconf 73' lang='lat' dir='ltr'>fintenum</span> <span class='ocrx_word' id='word_1_213' title='bbox 1027 3417 1057 3466; x_wconf 77' lang='lat' dir='ltr'>sle</span> 
     </span>
     <span class='ocr_line' id='line_1_31' title="bbox 187 3475 817 3550; baseline -0.003 -22"><span class='ocrx_word' id='word_1_214' title='bbox 187 3475 293 3536; x_wconf 73' lang='lat' dir='ltr'>Dogmat.</span> <span class='ocrx_word' id='word_1_215' title='bbox 311 3476 382 3550; x_wconf 64' lang='lat' dir='ltr'>liipp.</span> <span class='ocrx_word' id='word_1_216' title='bbox 394 3487 417 3523; x_wconf 81' lang='lat' dir='ltr'>et</span> <span class='ocrx_word' id='word_1_217' title='bbox 427 3479 487 3524; x_wconf 81' lang='lat' dir='ltr'>Plat.</span> <span class='ocrx_word' id='word_1_218' title='bbox 500 3479 526 3525; x_wconf 85' lang='lat' dir='ltr'>h.</span> <span class='ocrx_word' id='word_1_219' title='bbox 545 3479 578 3526; x_wconf 93' lang='lat' dir='ltr'>lV</span> <span class='ocrx_word' id='word_1_220' title='bbox 601 3495 622 3542; x_wconf 92' lang='lat' dir='ltr'>p.</span> <span class='ocrx_word' id='word_1_221' title='bbox 639 3483 689 3526; x_wconf 72' lang='lat'><strong>283.</strong></span> <span class='ocrx_word' id='word_1_222' title='bbox 701 3481 736 3526; x_wconf 80' lang='lat' dir='ltr'>ed.</span> <span class='ocrx_word' id='word_1_223' title='bbox 751 3479 817 3526; x_wconf 80' lang='lat' dir='ltr'>Basil.</span> 
     </span>
    </p>
   </div>
   <div class='ocr_carea' id='block_1_8' title="bbox 215 3555 1054 3616">
    <p class='ocr_par' dir='ltr' id='par_1_8' title="bbox 215 3555 1054 3616">
     <span class='ocr_line' id='line_1_32' title="bbox 215 3555 1054 3616; baseline 0 -14"><span class='ocrx_word' id='word_1_224' title='bbox 215 3555 236 3588; x_wconf 77' lang='lat'>¹⁵</span> <span class='ocrx_word' id='word_1_225' title='bbox 251 3570 297 3602; x_wconf 82' lang='lat' dir='ltr'>non</span> <span class='ocrx_word' id='word_1_226' title='bbox 313 3555 433 3616; x_wconf 77' lang='lat' dir='ltr'>effingitur</span> <span class='ocrx_word' id='word_1_227' title='bbox 449 3583 452 3588; x_wconf 39' lang='grc' dir='ltr'><strong><em>ι</em></strong></span> <span class='ocrx_word' id='word_1_228' title='bbox 471 3582 478 3591; x_wconf 95' lang='grc'><strong>-</strong></span> <span class='ocrx_word' id='word_1_229' title='bbox 494 3557 624 3616; x_wconf 56' lang='lat' dir='ltr'>fingimus</span> <span class='ocrx_word' id='word_1_230' title='bbox 656 3559 707 3605; x_wconf 82' lang='lat' dir='ltr'>edd.</span> <span class='ocrx_word' id='word_1_231' title='bbox 729 3565 784 3606; x_wconf 86' lang='lat' dir='ltr'>vett.</span> <span class='ocrx_word' id='word_1_232' title='bbox 803 3559 896 3605; x_wconf 77' lang='lat' dir='ltr'>sistere.</span> <span class='ocrx_word' id='word_1_233' title='bbox 915 3557 945 3605; x_wconf 86' lang='lat' dir='ltr'>sic</span> <span class='ocrx_word' id='word_1_234' title='bbox 963 3561 986 3604; x_wconf 83' lang='lat' dir='ltr'>ot</span> <span class='ocrx_word' id='word_1_235' title='bbox 1006 3555 1054 3602; x_wconf 89' lang='lat' dir='ltr'>Ms.</span> 
     </span>
    </p>
   </div>
   <div class='ocr_carea' id='block_1_9' title="bbox 186 3611 1057 3734">
    <p class='ocr_par' dir='ltr' id='par_1_9' title="bbox 186 3611 1057 3734">
     <span class='ocr_line' id='line_1_33' title="bbox 186 3611 1057 3719; baseline 0.008 -59"><span class='ocrx_word' id='word_1_236' title='bbox 186 3611 261 3683; x_wconf 77' lang='lat' dir='ltr'>Guell.</span> <span class='ocrx_word' id='word_1_237' title='bbox 268 3616 383 3719; x_wconf 56' lang='lat' dir='ltr'>gerardum</span> <span class='ocrx_word' id='word_1_238' title='bbox 393 3621 469 3662; x_wconf 80' lang='lat' dir='ltr'>tamen</span> <span class='ocrx_word' id='word_1_239' title='bbox 479 3617 529 3664; x_wconf 82' lang='lat' dir='ltr'>edu.</span> <span class='ocrx_word' id='word_1_240' title='bbox 540 3625 596 3666; x_wconf 79' lang='lat' dir='ltr'>vett.</span> <span class='ocrx_word' id='word_1_241' title='bbox 664 3618 709 3666; x_wconf 75' lang='lat' dir='ltr'>&#39;tter</span> <span class='ocrx_word' id='word_1_242' title='bbox 718 3625 741 3666; x_wconf 81' lang='lat' dir='ltr'>et</span> <span class='ocrx_word' id='word_1_243' title='bbox 750 3619 870 3681; x_wconf 68' lang='lat' dir='ltr'>rffgtmsts,</span> <span class='ocrx_word' id='word_1_244' title='bbox 881 3623 907 3668; x_wconf 82' lang='lat' dir='ltr'>u</span> <span class='ocrx_word' id='word_1_245' title='bbox 915 3619 978 3668; x_wconf 71' lang='lat' dir='ltr'>lunt.</span> <span class='ocrx_word' id='word_1_246' title='bbox 996 3615 1057 3676; x_wconf 76' lang='lat' dir='ltr'>quot</span> 
     </span>
     <span class='ocr_line' id='line_1_34' title="bbox 186 3671 515 3734; baseline 0.027 -15"><span class='ocrx_word' id='word_1_247' title='bbox 186 3671 258 3719; x_wconf 76' lang='lat' dir='ltr'>edrdrt</span> <span class='ocrx_word' id='word_1_248' title='bbox 292 3679 442 3734; x_wconf 55' lang='lat' dir='ltr'>ruteswnon</span> <span class='ocrx_word' id='word_1_249' title='bbox 451 3675 515 3728; x_wconf 73' lang='lat' dir='ltr'>bens·</span> 
     </span>
    </p>
   </div>
   <div class='ocr_carea' id='block_1_10' title="bbox 227 3753 713 3819">
    <p class='ocr_par' dir='ltr' id='par_1_10' title="bbox 227 3753 713 3819">
     <span class='ocr_line' id='line_1_35' title="bbox 227 3753 713 3819; baseline 0.004 -5"><span class='ocrx_word' id='word_1_250' title='bbox 227 3769 299 3814; x_wconf 77' lang='lat' dir='ltr'>son.</span> <span class='ocrx_word' id='word_1_251' title='bbox 314 3771 367 3814; x_wconf 84' lang='lat' dir='ltr'>xv.</span> <span class='ocrx_word' id='word_1_252' title='bbox 649 3753 713 3819; x_wconf 63' lang='lat'>1³*</span> 
     </span>
    </p>
   </div>
   <div class='ocr_carea' id='block_1_11' title="bbox 0 0 1284 4208">
    <p class='ocr_par' dir='ltr' id='par_1_11' title="bbox 0 0 1284 4208">
     <span class='ocr_line' id='line_1_36' title="bbox 0 0 1284 4208; baseline 0 0"><span class='ocrx_word' id='word_1_253' title='bbox 0 0 1284 4208; x_wconf 95' lang='lat' dir='ltr'> </span> 
     </span>
    </p>
   </div>
  </div>
 </body>
</html>
