2538 4188
241 270 305 334 443
487 261 534 314 nn
551 261 692 324 simi
710 261 880 342 nnonure‘
924 261 927 266 ·

238 427 326 489 quoru
347 407 482 472 'mre
505 411 614 472 medici
642 429 702 472 non
722 419 865 490 poterunt.
907 411 994 472 Mulli
1013 414 1110 496 enim,
1171 453 1172 458 κ
1249 473 1250 482 ,

238 510 328 570 etism
351 528 420 572 oum
441 513 545 572 obesse
565 515 687 581 vellent,
708 513 884 588 profuemnt,
906 518 936 569 et
955 531 1021 570 oum
1042 531 1104 587 pro-
1249 505 1250 516 ¹

234 609 335 680 desse,
346 609 508 670 obfuerunt.
549 612 596 670 ilo
611 629 670 670 non
691 613 733 680 lit,
746 631 785 670 ex
807 630 852 679 eo,
871 613 948 686 quod
963 614 1055 678 detur,
1072 616 1105 670 nt

240 713 376 770 rotenus
396 710 468 784 ejus,
488 709 538 784 qui
556 710 679 777 dederit,
701 717 855 785 sppsreslr
885 725 953 775 neo,
965 711 991 766 si
1012 711 1047 776 ie,
1062 711 1110 786 qui

238 808 364 884 oooeplt,
390 809 466 867 bene
491 807 588 875 ulitur,
615 808 728 866 ideireo
754 810 789 872 is.
816 808 985 884 qui-dedit,
1010 811 1107 866 ornioe

238 906 329 966 dedit.
372 908 455 980 Quae
466 905 544 964 enim
558 906 656 966 libido.
669 925 744 981 quse
758 908 892 974 esuritis,
902 907 978 982 qurrd
992 907 1107 965 sueinus

237 1011 287 1064 sul
312 1007 469 1080 suseipitur
495 1004 552 1064 nisi
575 1006 698 1063 oonsilio
724 1011 822 1078 euplo,
836 1012 901 1062 sul
928 1006 992 1062 sine
1008 1005 1107 1064 'enimi

237 1109 327 1172 motu,
341 1111 371 1162 et
384 1104 572 1180 (saginatione,
595 1103 626 1160 id
638 1110 692 1171 est,
704 1103 826 1172 ratione,
840 1100 1009 1176 perficitur?
1037 1121 1105 1162 nom

236 1203 331 1260 omnis
357 1202 467 1275 opinio,
491 1204 565 1261 mtio
586 1208 642 1269 esi,
667 1203 838 1277 etquidem
866 1205 942 1260 boue
968 1203 1050 1268 ratio,
1078 1202 1104 1262 si

236 1317 323 1359 verr:
345 1301 422 1358 mele
435 1307 542 1369 nutem,
562 1301 589 1358 si
612 1303 683 1358 lulss
707 1307 753 1358 est
776 1301 886 1373 opinio.
928 1302 987 1358 Sed
1004 1319 1022 1356 e
1044 1302 1103 1356 deo

234 1403 347 1458 lonium
361 1399 503 1458 rationem
517 1402 665 1467 babemus,
679 1399 705 1456 si
719 1402 805 1456 modo
819 1401 974 1458 hebemus:
996 1403 1103 1457 bonnm

235 1503 332 1558 sulem
346 1497 497 1566 rationem,
509 1505 561 1556 sut
574 1517 634 1556 nou
659 1501 774 1576 bouem,
788 1515 805 1556 a
826 1499 919 1556 nobis.
940 1516 999 1556 non
1013 1499 1104 1568 enim,

235 1601 268 1656 nl
295 1597 498 1671 patrimonium
525 1598 704 1673 relinquitur,
731 1599 774 1654 sio
803 1597 877 1653 ratio
911 1597 1024 1655 bomini
1059 1604 1104 1658 est

234 1697 380 1755 beneboio
389 1699 507 1755 deorum
521 1698 598 1754 dote.
640 1698 719 1770 Quid
732 1697 817 1753 enim·
827 1696 921 1769 potius
937 1697 1102 1756 hominihus

233 1795 392 1862 dedissent,
406 1796 432 1853 si
444 1796 481 1854 iis
495 1814 601 1854 nouere
617 1793 798 1854 voluissent?
817 1795 980 1868 injustitiae
995 1803 1103 1865 aulem,

233 1894 486 1967 intemperantiae,
501 1896 664 1952 timiditatis
675 1913 749 1970 quoe
762 1895 874 1950 semina
894 1903 1002 1960 essent,
1015 1895 1040 1950 si
1054 1895 1099 1952 his

109 2043 110 2046 ,
180 1991 313 2052 duritiis
334 1993 408 2050 ratio
432 2011 491 2050 nou
510 1991 666 2051 subesset?
694 1993 801 2050 Medea
821 1993 913 2057 modo,
937 1999 968 2048 el
989 1994 1097 2049 Atreus

231 2091 561 2158 nommemornbenture
583 2091 675 2154 uoltis,
695 2093 831 2148 heroicae
853 2105 998 2162 personae,
1019 2089 1103 2163 initu¹

231 2191 427 2264 subductoque
459 2187 580 2255 ratione,
614 2188 724 2246 nelarie
768 2193 877 2247 seelera
911 2188 1095 2247 meditantes.

231 2285 331 2361 Quid?
351 2289 487 2345 levitates
501 2287 644 2355 oomioae,
657 2305 797 2360 purumne
811 2303 924 2362 semper
937 2289 968 2346 in
982 2288 1095 2346 milone

231 2385 402 2447 versemur?
435 2403 574 2463 purumne
597 2387 741 2446 subtiliter
760 2388 890 2462 disputet
909 2388 961 2446 ille
981 2387 1013 2446 in
1039 2389 1096 2446 Eu·

230 2484 351 2546 nuobol

317 2601 445 2665 -''quid
459 2601 527 2660 lpilur
537 2600 637 2651 inciam?

318 2682 428 2740 metuere,
438 2687 544 2728 moesi:
560 2679 672 2732 redeam?
685 2695 737 2739 non,
747 2681 765 2730 si
775 2695 811 2730 me
820 2681 930 2732 obsecret.
944 2684 948 2704 ¹

230 2785 285 2844 ille
299 2799 370 2841 voro
384 2784 415 2842 in
437 2783 621 2874 Synephebis
638 2761 882 2844 Aoedemioorum
898 2802 976 2843 more
990 2790 1095 2845 oonlro

229 2903 412 2946 communem
426 2885 594 2959 opinionem
614 2905 672 2944 nou
697 2885 810 2945 dubitat
824 2905 951 2962 pugnare
972 2887 1095 2958 ratione,

229 2986 278 3064 qui
303 2985 335 3043 ln
360 2997 456 3043 mttere
481 3001 597 3054 mutuno,
616 3001 777 3062 nemoque
802 2983 899 3062 inopia
924 3003 1009 3043 mave
1036 3002 1095 3044 esse

229 3085 311 3154 dioit,

315 3201 435 3248 Perenlern
445 3199 528 3248 bebere
537 3213 637 3256 ovorum,
647 3199 772 3262 illepidum,
782 3200 806 3248 iu
815 3199 897 3248 liberos

315 3279 444 3336 Difficilem,
453 3280 491 3341 qui
500 3283 525 3326 te
533 3293 575 3328 neo
584 3283 652 3337 smel,
663 3293 703 3326 neo
712 3280 801 3326 studeat
815 3278 856 3327 lui.

228 3383 327 3458 Atque
338 3382 406 3439 bulo
417 3381 583 3440 incredibili
591 3381 754 3440 sententiae
762 3382 938 3440 ratiunculas
946 3381 1092 3456 suggerite

253 3531 276 3564 ⁰⁹
289 3543 368 3599 sature
387 3547 457 3600 tert.
471 3536 586 3637 remp
606 3535 644 3592 sic,
664 3549 707 3582 uon
725 3540 844 3605 polemon}
858 3535 984 3602 legendum¹
1004 3544 1093 3602 temper

223 3591 308 3655 putori.
319 3601 371 3652 quie
378 3603 411 3638 ere
419 3603 443 3636 m
452 3591 503 3642 Ms,
512 3591 573 3644 (duel
583 3626 589 3641 .
601 3597 625 3667 el
635 3593 687 3642 edd.
699 3597 756 3641 vett,
768 3607 848 3654 repert,
858 3605 940 3654 recepi.
1031 3649 1046 3676 θ
