2548 4208
460 325 727 382 murnentanus.
967 335 1032 398 240

163 479 312 548 benonim,
331 475 462 536 maxima
482 475 583 545 animi,
603 477 731 536 mounda
751 439 1034 552 corporisssxterna

162 578 259 646 tertia,
270 576 331 636 ”ut
345 575 545 650 Peripatetici,
559 591 615 636 neo
630 577 721 634 multo
732 583 845 636 veteres
858 579 1033 640 Academici

164 693 265 736 secus:
295 677 478 750 voluptatem
502 691 570 734 cum
594 677 747 736 honestate
765 675 976 748 Dinomachus,
1003 681 1034 738 et

162 776 301 850 Callipho
313 775 478 848 copulavit:
499 774 692 834 indolentiam
702 783 799 836 autem
819 778 965 836 honestati
980 779 1034 836 Pe·

159 873 329 950 ripateticus
350 875 496 934 Diodorus
509 875 654 952 adjunxit.
698 877 765 936 Hae
778 882 845 935 sunt
860 876 1034 944 sententias,

161 989 236 1050 qnae
262 974 427 1034 stabilitatis
453 975 563 1052 aliquid
590 977 740 1034 habeant:
772 993 840 1034 nam
874 973 1033 1044 Aristonis,

161 1073 331 1147 Pyrrhonis,
345 1074 462 1142 Herilli,
484 1077 745 1151 nonnullorumque
767 1074 888 1132 aliorum
908 1091 1034 1132 evanne-

162 1177 239 1230 mut.
279 1171 322 1230 Hi
345 1173 414 1246 quid
438 1173 550 1247 possint
573 1173 717 1241 obtinere,
737 1173 898 1241 videamus,
920 1173 1033 1232 omissis

155 1271 288 1329 'Stoicisr
309 1287 429 1347 quorum
449 1272 519 1332 satis
533 1272 637 1333 videor
657 1272 823 1330 defendisse
846 1274 1032 1332 sententiam.

161 1369 204 1430 Et
231 1367 493 1446 Peripateticorum
527 1371 644 1448 quidem
667 1371 817 1444 explicata
853 1390 942 1430 causa
968 1380 1033 1431 est:

159 1475 275 1546 praeter
290 1469 535 1544 Theophrastum,
549 1471 615 1528 etsi
629 1471 676 1544 qui
688 1471 771 1528 illurn
785 1471 889 1539 secuti,
903 1473 1034 1530 imbecil-

159 1570 217 1628 lius
231 1569 349 1626 horrent
362 1569 492 1626 dolorem
502 1574 533 1626 et
543 1568 750 1626 reformidant:
772 1569 903 1643 Reliquis
917 1569 1034 1644 quidem

159 1669 233 1728 licet
248 1657 345 1725 lacere
358 1667 399 1736 id,
423 1669 499 1742 quod
514 1667 574 1726 lere
594 1665 715 1734 iaciunt,
729 1669 760 1724 ut
774 1666 950 1740 gravitatem
973 1669 1035 1744 dig·

160 1767 341 1842 nitatemque
368 1767 485 1826 virtutis
513 1771 703 1842 exaggerent.
764 1751 860 1840 Quam
894 1783 961 1826 cum
996 1765 1034 1826 ad

161 1869 278 1926 caelum
297 1866 465 1934 extulerint,
488 1867 564 1942 quad
586 1867 683 1924 iacere
707 1868 877 1943 eloquentes
901 1867 1034 1926 homines

159 1966 279 2040 copiose
293 1967 408 2026 solent:
428 1965 538 2042 reliqua
551 1964 620 2024 ¹“eu
634 1967 793 2026 colletione
807 1967 894 2026 facile
907 1973 952 2024 est
965 1985 1035 2026 con·

161 2071 265 2124 tereret
282 2070 369 2142 utque
395 2072 594 2124 contemnere.
623 2081 680 2123 neu
709 2066 788 2124 enim
814 2067 885 2125 lieet
911 2065 957 2135 iis,
985 2066 1035 2141 qui

161 2165 276 2224 laudem
290 2183 357 2224 oum
382 2165 480 2224 dolore
495 2166 654 2240 petendam
674 2163 695 2198 ¹⁷
707 2183 771 2224 esse
792 2165 902 2234 dicant,
917 2183 1034 2240 negare,

161 2283 211 2323 eos
226 2283 289 2323 esse
310 2267 421 2346 beatos,
442 2265 492 2340 qui
515 2267 596 2324 illam
621 2264 721 2339 adepti
741 2266 809 2324 sint.
852 2267 1034 2340 Quamquam

161 2364 240 2421 enirn
262 2363 322 2421 sint
345 2364 375 2420 in
399 2365 568 2438 quibusdam
594 2363 694 2420 malis:
724 2370 823 2422 tamen
846 2365 902 2421 hoc
925 2381 1033 2422 nomen

162 2463 242 2520 beati
258 2467 344 2534 longe
359 2465 388 2516 et
402 2463 460 2517 late
483 2465 572 2534 patet.
614 2461 692 2516 Nam
713 2465 744 2518 ut
769 2469 940 2536 quaestuosa
961 2479 1033 2520 mer·
1043 2459 1081 2518 31

163 2567 273 2627 cutura,
291 2559 435 2616 fructuosa
457 2559 549 2615 aratio
567 2557 681 2626 dicitur,
696 2577 753 2616 non
769 2559 794 2616 si
815 2562 906 2616 altera
920 2577 1034 2632 semper

161 2661 242 2718 omni
276 2660 392 2723 damno,
426 2659 517 2714 altera
551 2659 631 2715 omni
656 2659 839 2734 tempestatis
866 2659 1033 2716 calamitate

162 2759 183 2792 ¹⁸
196 2777 311 2833 semper
325 2763 429 2826 vecet3
450 2757 500 2812 sed
515 2757 539 2812 si
562 2759 652 2814 multo
666 2759 773 2830 majore
789 2776 827 2814 ex
841 2761 923 2830 parte
937 2761 1035 2814 exstat

121 2854 125 2868 '
160 2860 194 2916 iu
215 2865 334 2935 utreque
348 2857 491 2916 felicitas:
520 2855 564 2912 sic
580 2854 651 2924 vita,
673 2873 732 2912 nou
754 2859 848 2912 solum
861 2855 887 2912 si
907 2853 1034 2932 undique

192 3033 213 3067 ¹⁵
227 3038 254 3080 ut
273 3031 426 3094 Peripatetici]
445 3035 471 3078 ut
489 3033 565 3093 potem
585 3045 633 3078 esse
651 3029 771 3078 delendum
790 3029 1002 3094 intelligendumque
1020 3045 1035 3080 e

161 3108 224 3155 seqq.
236 3093 371 3150 copulavere.

191 3173 213 3206 ¹⁸
227 3173 386 3231 ccmlmtioasl
407 3169 658 3231 putoessesneloqiam.
671 3185 692 3216 v.
705 3170 769 3216 Clas.
782 3170 836 3217 inh.
848 3185 870 3218 v.

192 3252 214 3286 ¹⁷
228 3251 374 3312 erudierat]
406 3251 481 3309 Vulgo
497 3251 581 3298 dicuat.
600 3250 666 3304 male.
677 3255 702 3296 ut
713 3255 763 3311 post
779 3249 854 3306 adepti
863 3255 921 3304 mat.
937 3263 978 3310 pro
989 3263 1034 3310 quo

162 3311 320 3420 ffliffissg,
328 3312 392 3418 ἐπὶ
395 3311 475 3416 ¹(licent
484 3317 508 3357 et
515 3313 551 3358 ed.
563 3315 607 3358 vet.
620 3325 656 3371 sp.
689 3309 808 3356 Bulrerium
826 3309 903 3366 habet,
912 3311 949 3370 qui
964 3309 995 3355 sie
1010 3316 1035 3356 et

194 3449 214 3482 ¹⁸
228 3462 312 3508 semper
327 3449 407 3510 nuent]
438 3447 474 3495 Sis
494 3447 540 3496 Ms.
558 3448 631 3518 thrli
644 3463 687 3494 non
703 3453 770 3506 uuest,
788 3451 812 3494 ut
828 3447 912 3518 vqlgati
934 3445 1028 3518 delient:

164 3507 187 3557 id
204 3522 231 3554 ue
248 3510 329 3570 recepi.
348 3521 398 3554 nam
417 3517 438 3554 et
458 3517 509 3570 post
520 3513 569 3554 sunt
587 3507 709 3555 indicativi.
726 3508 760 3556 ita
774 3512 798 3555 et
813 3507 886 3556 edidit
895 3507 1033 3558 &suimet

162 3566 199 3613 liu
215 3567 280 3627 erius,
291 3568 329 3631 qui
338 3577 363 3616 et
372 3567 420 3630 ipse
429 3567 453 3615 ir
464 3569 521 3616 lites.
534 3566 618 3628 reperit
627 3570 696 3616 uasat.
