2548 4208
252 344 318 406 230
492 339 625 390 TUSGUIs
642 339 887 400 Quaestionum

247 490 1127 578 stultorumqueturba,quoddicaturautgraviusmulgrnndi·

250 603 284 646 us
296 584 308 644 l
319 589 359 646 At
370 589 448 646 enim
463 591 564 648 eadem
576 591 670 650 Stoici
682 594 849 668 praecipua,
864 602 912 654 vel
929 602 1069 672 producta
1080 603 1125 662 di·

249 688 563 762 euanuaebonaisli.
586 690 891 768 Dicunliitiquidem:
908 699 961 756 sed
975 701 1122 761 bisvilam

247 785 363 846 beatam
372 789 512 862 compteri
521 797 629 864 negant
639 809 646 845 ι
658 791 795 850 hiantem
808 793 921 852 sinaiis
932 813 996 854 esse
1008 801 1119 860 nullam

245 893 369 961 putant:
390 895 448 957 aut,
462 890 488 946 si
501 889 540 947 sit
553 892 648 958 beata,
673 891 870 950 beatissimam
894 905 974 954 certe
998 902 1117 971 negaui.

242 985 313 1044 Nos
328 997 426 1046 autem
441 990 573 1052 volumus
584 989 798 1048 beatissimam:
820 993 906 1066 idque
921 996 1005 1052 uobis
1016 997 1118 1054 Socra·

243 1083 305 1142 tica
319 1083 370 1143 itta
379 1088 568 1146 conclusione
582 1089 777 1148 confirmatur.
820 1091 872 1150 Sic
886 1091 966 1152 enim
979 1094 1119 1169 princeps

241 1182 294 1241 itte
310 1185 510 1260 philosophiae
530 1189 701 1246 disserebat.
742 1186 849 1252 &talia
869 1190 1002 1268 cujusque
1026 1191 1117 1252 meinai

241 1281 361 1362 ‘nfantia
374 1291 454 1351 esan,
466 1286 551 1344 tolera
564 1304 624 1345 esse
643 1285 800 1346 bominem·
829 1287 923 1366 plotio
944 1296 1037 1348 uuum
1057 1290 1118 1368 apsa

239 1379 322 1443 nono
335 1392 413 1453 cesa,
426 1383 512 1444 talem
531 1387 593 1464 ejice
605 1402 665 1445 ease
687 1386 858 1448 naamon.-
887 1387 1007 1448 orolioni
1019 1397 1114 1450 aedem

229 1483 318 1564 ynula
338 1483 455 1554 nnuma,
462 1484 558 1566 scotia
580 1484 673 1544 ur'tmn
713 1485 842 1564 Affectus
860 1494 951 1546 autam
972 1487 1115 1550 animilia

240 1581 311 1642 bono
328 1583 388 1644 niro
400 1583 563 1646 madaba
584 1593 611 1646 n
623 1584 681 1646 nito
693 1583 785 1662 igitur
804 1585 958 1646 uadatus
970 1587 1035 1646 boni
1049 1587 1114 1660 oiri,

238 1683 261 1722 ‘²
270 1693 296 1744 et
308 1683 423 1744 mmm
435 1703 513 1762 erga
533 1684 666 1764 malurn
678 1683 841 1746 loadcbdir.
854 1703 888 1752 ex
908 1686 1018 1763 qaibrcn
1031 1686 1112 1746 buno·

231 1801 304 1848 ,mn
332 1785 443 1846 leuno
468 1786 555 1846 mum
582 1803 651 1854 esar,
677 1784 860 1874 emendans.
902 1787 1031 1856 Etenim,
1058 1805 1110 1863 pro

183 1901 186 1910 ⁴
236 1885 358 1944 deorum
384 1892 470 1962 atque
490 1885 640 1946 bominum
665 1885 768 1944 fidemt
797 1903 936 1959 parumne
958 1889 1109 1964 cognitum

236 1990 284 2044 est
304 1984 498 2058 superioribus
517 1984 623 2044 nostris
642 1985 896 2058 disputationibus,
917 2003 956 2044 an
980 1989 1107 2048 delecta·

234 2083 335 2152 tionis,
348 2096 378 2142 et
391 2081 445 2142 olii
457 2085 649 2144 consumendi
662 2101 751 2144 causa
765 2085 854 2143 locuti
868 2103 975 2154 sumus,
992 2087 1107 2160 sapien·

232 2187 297 2243 tem
310 2186 348 2242 ab
367 2184 448 2244 omni
469 2185 669 2244 concitatione
689 2184 790 2254 animi,
809 2200 896 2258 quam
921 2187 1108 2258 perturbatio·

232 2301 303 2346 nem
325 2302 550 2361 voco,‚semper
570 2282 704 2344 vacare?
730 2301 845 2359 semper
868 2286 899 2344 in
924 2287 1023 2348 auimo
1044 2287 1106 2363 ejus

230 2401 299 2444 ‘esse
319 2386 546 2460 placidissimam
571 2382 697 2460 pacem?
729 2384 786 2442 Vir
809 2385 898 2460 igitur
921 2391 1106 2460 temperatus,

226 2493 378 2554 constans,
392 2487 455 2545 sins
467 2493 554 2556 melu,
564 2488 628 2545 sine
643 2485 834 2560 aegritudine,
847 2482 940 2544 ⁵³sinc
950 2487 1103 2548 alacritate

230 2587 301 2655 ulla,
315 2587 379 2646 sine
394 2587 526 2656 libidine,
551 2604 648 2646 nonus
663 2584 788 2644 beatus?
808 2593 839 2642 at
859 2601 974 2660 semper
987 2587 1105 2662 sapiens

223 2687 313 2746 talis:
335 2703 450 2760 semper
462 2686 551 2762 igitur
564 2688 675 2744 matus.
716 2685 785 2744 dam
799 2701 871 2742 vero
882 2685 932 2759 qui
946 2692 1041 2758 potest
1057 2685 1104 2746 vir

230 2789 322 2846 bonus
337 2805 396 2844 non
410 2787 447 2854 ad
461 2786 501 2856 id,
520 2787 596 2862 quod
621 2784 767 2845 laudabile
792 2783 839 2852 sit,
863 2782 963 2844 omnia
986 2785 1102 2856 referre,

229 2904 304 2962 quae
326 2888 397 2964 agit,
417 2904 547 2962 quaeque
567 2881 681 2944 sentit?
711 2883 799 2944 resen
823 2889 921 2944 autem
943 2883 1042 2944 omnia
1061 2885 1099 2948 ad

228 2987 316 3046 beate
336 2987 506 3048 vivendum.
535 2989 621 3044 beata
648 2985 736 3064 igitur
762 2986 825 3043 vita
853 2984 1015 3042 laudabilis.
1040 3002 1098 3047 uec

227 3089 382 3166 quidquam
408 3088 473 3144 sine
494 3085 602 3144 virtute
622 3084 778 3144 laudabile.
804 3087 890 3146 beata
918 3083 1006 3160 igitur
1034 3084 1098 3150 vita

176 3179 215 3246 17
229 3191 335 3249 virtute
349 3189 511 3248 conficitur.
553 3188 652 3263 Atque
672 3185 728 3242 boc
742 3184 785 3242 sic
799 3187 889 3244 etiam
903 3186 1105 3245 concluditur,

255 3345 278 3378 ’Β
293 3350 313 3392 st
330 3347 418 3397 honesta
437 3360 462 3392 cr
490 3377 496 3400 ,
516 3343 620 3404 mouban
639 3341 777 3404 camurae]
797 3341 833 3389 Sic
853 3341 1041 3400 interpungendus
1058 3340 1096 3388 hie

225 3404 296 3509 locus,
306 3407 393 3510 iiam
404 3406 462 3454 Bent
472 3405 518 3464 ejus
526 3411 549 3450 et
560 3403 664 3452 Davisius
678 3403 714 3452 ed.
730 3406 751 3450 2.
763 3401 843 3462 vulgo:
859 3405 880 3448 sl
894 3400 989 3446 lrmrtc
1020 3399 1094 3459 Ergo,

226 3477 277 3578 ”⁴⁵³
290 3545 337 3592 nna
349 3499 463 3601 alacritate
473 3544 540 3606 ulla]
572 3543 609 3592 Sic
619 3543 670 3590 edd.
682 3554 764 3587 omnes.
798 3537 911 3596 Bentlejns
921 3551 963 3598 pro
970 3535 1019 3582 ullo
1029 3537 1094 3584 dedit

218 3605 297 3665 ΜΗ.
329 3602 431 3650 Davisius
449 3607 574 3662 conjecerat
583 3617 640 3650 nunu
655 3601 692 3646 vcl
706 3598 779 3644 inani.
796 3597 853 3643 edd:
864 3598 975 3661 quasdam
990 3600 1047 3650 vett.
1066 3601 1093 3646 ut

225 3667 287 3716 dunt.
299 3662 455 3726 interpunguut
463 3663 502 3726 alc,
512 3667 538 3714 ut
546 3663 595 3714 ulto
604 3663 634 3713 ad
643 3659 738 3712 libidine
751 3659 867 3712 Messius·
905 3705 910 3714 .
