2548 4208
207 321 270 380 208
469 312 515 362 aa
529 312 670 362 NATURA
684 311 830 364 DEORUM
916 345 920 364 t

236 457 553 522 *inusitatumque
570 459 605 506 irs
623 474 697 522 nequa
707 459 780 518 gratis
796 463 923 514 tencantur,
942 461 1011 522 qood,
1023 468 1083 524 quse

235 539 293 585 talia
308 543 368 594 sunt,
382 539 493 586 imbecilla
503 546 554 587 sunt
562 541 643 588 omnia.
677 541 703 588 ld
713 541 731 586 si
741 540 773 588 ita
782 547 824 594 est,
835 542 873 602 pie
882 541 971 588 colendi
980 549 1031 590 suut
1041 543 1082 591 Dii

171 668 180 672 ,
236 623 329 680 propter
336 625 488 680 praestantem
499 627 610 676 naturam,
621 620 684 666 nullo
694 624 769 666 autem
779 621 846 667 modo
853 621 947 667 timendi
957 638 965 680 ;
982 638 1027 684 quo
1036 636 1083 670 uuo

235 698 310 744 omnis
326 697 456 758 superstitio
468 699 583 746 evertitur.
606 715 624 746 c.
649 703 680 746 to.
700 703 733 747 17.
766 700 810 746 Sed
830 701 859 746 ad
880 701 936 746 hanc
954 701 1081 762 opinionem

236 779 409 824 confirmandam
420 778 518 840 anquirit
533 779 619 826 amium
638 779 746 834 sormam,
759 779 829 826 vitam
839 785 862 824 et
872 779 986 826 actionem
1001 781 1083 830 mantis

236 862 304 916 atque
313 856 458 916 agitationem
469 857 491 904 iu
514 857 570 904 uso.
602 859 634 904 Et
650 860 719 916 tigrim
733 858 822 919 quidem
839 858 902 906 nulls
919 859 965 906 alia
976 875 1024 906 esse
1037 858 1081 908 nisi

236 936 333 982 bumana
343 943 429 998 potest:
446 938 549 998 primum,
567 937 628 998 quod
637 937 903 998 naturaspesiemaliam
924 939 1024 986 Deorum
1035 953 1083 986 nou

236 1015 356 1075 habemus;
373 1017 461 1073 deinde,
482 1017 541 1077 quod
560 1016 658 1062 humana
678 1017 749 1062 forma
768 1023 802 1063 est
822 1017 987 1078 pulcherrima5
1004 1019 1080 1076 tertio,

236 1099 295 1158 quod
306 1095 367 1142 nulla
383 1096 405 1142 iu
421 1095 467 1142 alia
485 1098 553 1154 figam
568 1094 704 1142 domicilium
721 1095 801 1142 meotis
820 1111 868 1142 esse
885 1100 965 1157 potest.
999 1098 1080 1158 Neque

236 1179 313 1222 tamen
324 1191 351 1221 es
368 1175 451 1236 species
460 1190 538 1236 corpus
558 1180 600 1231 est,
620 1176 659 1224 sed
669 1174 731 1236 quasi
747 1189 842 1236 corpus3
857 1189 929 1237 esque
946 1191 992 1223 non
1007 1191 1079 1236 seusu,

236 1254 275 1300 sed
286 1259 360 1300 mente
375 1255 483 1310 cernitur,
500 1269 540 1300 nee
553 1255 667 1304 soliditate
681 1255 784 1314 quadam,
801 1269 843 1302 uec
860 1256 889 1302 ad
900 1271 1021 1312 numerum,
1040 1256 1083 1304 sed

236 1332 376 1391 imaginibus,
386 1333 531 1380 similitudine
541 1349 567 1379 ac
577 1333 708 1380 transitione
716 1334 834 1396 perceptis.
868 1335 923 1382 vita
933 1341 1007 1382 autem
1018 1336 1081 1383 Deo·

236 1425 285 1458 rum
296 1418 331 1459 est
348 1412 484 1468 beatissima,
496 1418 518 1458 et
535 1413 635 1459 omnibus
646 1413 708 1459 bonis
726 1415 823 1461 affluens.
855 1413 918 1460 Nihil
933 1413 992 1460 euim
1001 1419 1082 1474 agunt,

235 1491 403 1538 suanirtuseet
421 1491 529 1554 sapientia
547 1493 653 1551 gaudent,
673 1497 697 1539 et
717 1493 800 1540 habeut
820 1495 971 1555 exploratum,
990 1495 1039 1540 tore
1054 1508 1080 1541 se

235 1587 322 1633 semper
339 1571 362 1618 iu
380 1571 480 1618 maximis
499 1571 659 1632 voluptatibus.
675 1587 694 1618 c.
708 1575 780 1621 183⁰.
813 1573 856 1620 His
877 1573 983 1635 expositis
1001 1578 1082 1620 contra

235 1653 334 1713 disputat
353 1653 435 1700 Cotta:
456 1666 500 1698 oon
520 1656 545 1697 ut
567 1650 651 1713 aliquid
672 1651 719 1712 ipsc
734 1652 847 1710 decernat,
864 1653 902 1700 sed
923 1657 949 1700 ut
967 1653 1082 1714 Epicurea

237 1733 360 1792 dissolvat,
376 1748 448 1794 neque
457 1733 517 1794 quod
526 1737 601 1791 neget,
616 1746 663 1778 esse
683 1731 751 1789 Deos,
762 1733 809 1787 sed,
826 1733 884 1795 quod
895 1733 1012 1790 rationem,
1023 1748 1086 1795 quae

238 1814 360 1871 adteratur,
370 1815 455 1858 firmam
466 1827 510 1858 nou
520 1815 592 1872 putet.
625 1812 684 1858 Nam
695 1819 857 1878 argumentupn,
867 1814 926 1874 quod
943 1813 971 1859 ab
982 1816 1089 1866 omnium,

235 1892 349 1939 homiuum
359 1906 464 1938 concensu
475 1896 572 1951 petatur,
583 1905 633 1936 cum
643 1891 694 1937 leve
702 1906 742 1952 per
752 1906 783 1943 se,
794 1898 841 1938 tum
851 1884 919 1938 etiarn
934 1893 1013 1940 falsum
1023 1907 1080 1952 esse,

236 1987 256 2017 e.
267 1975 295 2017 23
335 1971 387 2025 Sed,
399 1971 459 2016 Deos
470 1984 525 2024 esse,
536 1969 628 2015 concedi
639 1983 709 2030 possa.
742 1970 801 2018 lllud
812 1971 887 2017 doceri
904 1985 928 2018 sc
937 1973 1005 2030 velle,
1021 1972 1083 2020 unde

236 2050 288 2106 sint,
301 2050 338 2096 ubi
350 2049 401 2102 sint,
412 2049 489 2110 quales
500 2049 557 2094 siut:
576 2049 672 2109 adquae
686 2050 761 2096 omnia
777 2048 856 2097 atomis
871 2049 991 2096 abutantur
1002 2051 1087 2111 Epicu-⁴

236 2131 357 2190 reiqquae
367 2129 440 2189 primo
450 2128 525 2174 nullae
535 2127 587 2182 siut,
605 2128 663 2190 quod
684 2129 758 2175 nullus
773 2130 802 2175 sit
817 2129 945 2190 corporibus
956 2145 1037 2176 vacuus
1047 2129 1080 2176 lo-

235 2226 272 2256 cus
283 2226 290 2268 3
307 2209 388 2254 deinde
398 2207 416 2254 si
427 2207 479 2262 siut,
490 2207 554 2262 effici,
570 2215 594 2254 ut
604 2209 691 2254 aeterni
710 2208 749 2254 Dii
761 2224 805 2256 raon
814 2209 866 2264 siut,
877 2214 901 2255 et
920 2209 1011 2255 interire
1029 2222 1082 2270 pot·

236 2289 295 2344 sint;
312 2303 356 2349 quo
366 2286 495 2342 constituto,
507 2287 625 2334 beatitudo
635 2287 734 2334 Deorum
744 2287 845 2334 tollatur.
880 2288 915 2334 ad
933 2289 991 2334 hanc
1005 2302 1081 2350 repre-

236 2368 365 2415 hensionem
384 2367 533 2425 effugiendam
553 2367 616 2428 quasi
635 2381 713 2429 corpus
724 2374 747 2413 et
757 2366 819 2428 quasi
829 2367 958 2425 sauguinem
968 2368 1097 2440 excogita-x

235 2453 282 2494 tum
290 2462 345 2500 esse,
359 2449 417 2509 quod
429 2447 482 2510 quid
498 2447 534 2503 sit,
545 2462 610 2493 nemo
620 2446 746 2505 intelligere
755 2445 832 2508 possit.
852 2463 871 2493 c.
883 2451 959 2494 al-au.
993 2447 1079 2498 Quium

235 2533 311 2573 autem
322 2527 444 2574 rationibus
462 2528 559 2574 humana
578 2529 649 2573 torma
666 2527 715 2573 Diis
732 2527 858 2584 adseratur,
876 2541 914 2574 eas
932 2526 1016 2574 nullam
1034 2527 1080 2575 vim

235 2607 326 2654 habere.
359 2607 418 2654 Nam
438 2607 497 2668 quod
518 2621 595 2653 omnes
614 2606 661 2652 tere
677 2607 784 2662 homiues,
797 2615 886 2666 praeter
904 2607 1035 2666 Aegyptios,
1055 2610 1081 2654 et

237 2703 319 2750 paucas
329 2687 386 2733 torte
396 2686 451 2733 alias
469 2691 554 2746 gentes,
563 2701 612 2731 eam
631 2685 679 2732 Diis
691 2685 828 2744 cogitatione
843 2687 963 2744 affingant5
978 2686 1001 2731 id
1011 2699 1054 2732 uon
1065 2700 1080 2732 a

237 2772 317 2814 natura
327 2781 383 2822 esse,
403 2766 441 2813 sed
459 2766 552 2812 consilio
567 2767 670 2819 humano,
691 2772 730 2811 aut
741 2765 900 2828 superstitioni,
915 2779 928 2810 a
947 2765 1081 2826 pictoribus,

236 2847 318 2908 pobtis,
329 2845 457 2904 artificibus,
469 2848 620 2903 confirmatae,
636 2845 721 2892 deberi.
753 2845 834 2907 Neque
842 2859 869 2893 ex
884 2859 920 2901 eo,
936 2845 995 2905 quod
1010 2843 1081 2890 nomi-

235 2927 299 2974 nibus
316 2924 347 2972 nil
365 2925 455 2972 homine
470 2926 586 2987 pulchrius
597 2925 708 2980 videatur,
718 2925 833 2984 consequi,
843 2923 899 2972 nibil
919 2937 967 2970 esee
984 2938 1012 2969 eo
1031 2923 1081 2984 pul-

237 3005 317 3053 chrius.
349 3005 402 3052 Non
413 3004 471 3052 euim
487 3005 579 3051 dubium
595 3019 650 3058 esse,
662 3005 714 3066 quin
735 3008 759 3050 et
777 3001 828 3050 bovi
847 3003 902 3050 nihii
913 3003 979 3065 hore,
988 3002 1081 3071 caninii

236 3099 291 3131 cane
301 3083 415 3145 pulchrius
432 3083 542 3131 videatur.
574 3083 677 3144 Denique
696 3083 803 3129 incertum
823 3083 879 3129 illud
890 3098 944 3139 esse,
956 3082 1015 3144 quod
1030 3097 1081 3130 uus·

239 3179 314 3228 quam,
326 3163 367 3210 uisi
377 3163 399 3210 in
410 3165 478 3223 figura
489 3164 593 3219 humana,
613 3161 680 3220 ratio,
699 3161 777 3218 virtus,
797 3169 865 3226 atque
882 3164 940 3209 adeo
956 3162 1079 3221 beatitudo,

238 3248 311 3293 lucum
331 3243 415 3291 habere
433 3241 544 3289 videatur.
576 3241 658 3304 Neque
677 3243 744 3298 euim,
754 3243 814 3304 quod
833 3243 856 3288 in
871 3242 933 3289 nulla
950 3240 996 3288 alia
1011 3245 1080 3300 figura

239 3324 349 3371 rationem
360 3321 462 3375 vidimus,
473 3327 594 3383 propterea
604 3319 626 3366 iu
636 3321 698 3367 nulla
708 3335 755 3367 esse
765 3324 846 3384 potest.
871 3321 937 3372 Quod
947 3335 1022 3370 sensus
1036 3334 1082 3368 uon

238 3404 312 3459 docet,
323 3401 382 3448 ratio
391 3399 486 3446 docebit.
517 3399 586 3457 Nam,
596 3399 615 3445 si
624 3400 710 3448 nullum
719 3399 769 3448 Diis
779 3400 900 3460 negotium,
909 3401 968 3462 quod
979 3401 1080 3450 membra

238 3479 336 3538 corporis
347 3477 437 3526 humani
454 3479 560 3541 requirat,
572 3478 604 3526 nil
614 3480 718 3527 membris
727 3495 782 3542 opus
792 3479 843 3526 erit.
855 3495 874 3526 c.
886 3483 961 3528 27-37.
993 3481 1044 3528 Jam
1054 3479 1079 3526 in

240 3556 320 3604 ceteris
338 3558 406 3605 etiam
423 3557 595 3621 quaestiouibus,
605 3559 635 3610 de
643 3559 764 3622 domicilio,
776 3559 805 3608 de
824 3559 872 3608 rita
891 3563 916 3610 et
934 3557 1078 3610 heatitudine
