2548 4208
226 275 291 336 262
468 265 603 318 Tuscus.
619 264 863 322 alienationum

181 433 185 440 “
216 415 319 480 ‚ocula
342 431 403 474 uon
416 417 538 492 egebat:
566 417 793 491 tum'quod'sine
817 415 911 477 oculis
934 417 998 478 fieri
1012 437 1097 494 poue

217 515 282 574 uix
298 517 431 583 videtur,
442 515 618 590 geometriae
632 532 735 574 munus
749 517 890 584 tuebatur,
904 519 1002 576 verbis
1018 538 1098 592 prae-

217 613 341 688 cipiens
365 614 553 684 discentibus,
570 615 666 682 unde,
702 632 769 690 quo,
805 631 948 692 quamque
986 616 1097 678 lineam

226 713 397 772 scriberent.
414 713 621 786 Asclepiadem
635 713 739 782 terunt,
752 729 811 770 non
824 712 986 787 ignobitem
996 714 1016 747 ⁸⁹
1026 716 1098 774 Ere·

217 812 332 874 :tticum
346 812 557 886 philosophum,
581 829 648 870 eum
668 811 784 887 quidam
804 820 964 886 quaereret,
985 815 1053 890 quid
1066 814 1097 872 ei

216 911 356 976 ¹caecitas
377 912 531 980 attulisset,
554 912 747 984 respondisse,
769 928 857 984 puero
880 915 912 969 ut
935 930 995 971 uno
1019 909 1105 972 esset'

216 1009 400 1069 comitatior.
434 1011 477 1068 Ut
489 1011 568 1068 enim
582 1013 631 1068 vet
645 1027 756 1068 summa
770 1017 923 1082 paupertas
937 1011 1096 1070 tolerabitis

129 1183 132 1190 ι
216 1109 276 1177 ait,
303 1109 357 1167 ⁸⁹ai
381 1109 480 1179 liceat,
501 1109 576 1184 quod
600 1109 771 1184 quibusdam
798 1108 922 1166 Graecis
948 1110 1095 1184 quotidie:

189 1219 192 1224 '
226 1208 271 1266 sie
285 1209 413 1266 caecitas
425 1209 492 1281 terri
506 1208 593 1266 facile
615 1209 716 1282 possit,-
728 1208 753 1265 si
773 1225 834 1266 uon
847 1209 944 1266 desint
967 1210 1097 1268 subsidia

216 1306 430 1365 ualitudinum.
480 1306 665 1364 Democritus
693 1305 848 1364 luminibus
877 1307 1002 1375 amissis,
1028 1309 1098 1366 alba

215 1405 351 1472 seilicet,
364 1409 395 1462 et
407 1410 469 1461 atra
479 1403 644 1462 discernere
657 1421 717 1462 non
733 1409 861 1478 poterat:
881 1409 991 1462 atvero
1005 1405 1095 1474 bona,

217 1505 320 1574 ¹mala;
340 1519 442 1578 aequa,
463 1500 580 1578 iniqua3
609 1503 741 1572 honesta,
763 1503 874 1578 turpia;
895 1503 988 1572 utilia,
1011 1503 1098 1562 inuti-

217 1604 285 1674 ,lia3
307 1620 419 1678 magua,
433 1619 524 1676 parva
537 1607 669 1674 poterat:
691 1609 721 1660 et
734 1602 798 1660 sine
814 1603 956 1660 varietate
967 1604 1097 1662 colorum

216 1702 337 1762 :licebat
352 1703 453 1759 vivere
465 1702 566 1770 beate3
587 1701 652 1760 sine
665 1701 785 1758 notione
799 1717 893 1758 rerum
904 1719 964 1760 non
978 1701 1099 1762 licebat·

70 1876 74 1884 .
180 1790 184 1796 ’
217 1803 329 1876 ‚Atque
343 1800 453 1866 hicvir
473 1798 608 1874 impediri
621 1801 711 1858 etiam
724 1799 815 1858 animi
836 1799 932 1858 aciem
956 1801 1097 1874 adspectu

218 1903 377 1960 voculorum
391 1899 597 1958 arbitrabatur:
619 1904 658 1968 ct,
676 1916 743 1957 cum
758 1898 809 1957 alii
823 1917 922 1973 saepe,
938 1900 1012 1974 quod
1027 1902 1097 1956 ante

217 2001 317 2077 pedes
331 2005 417 2067 esset,
432 2016 490 2056 non
506 1997 650 2066 viderent,
673 1997 693 2031 ⁷⁰
703 1998 766 2071 ipse
780 1997 955 2056 infinitatem
979 2014 1098 2056 omnem

228 2099 474 2174 peregrinabatur,
496 2103 528 2157 ut
550 2099 629 2156 uuila
653 2099 684 2178 iu
706 2100 892 2157 extremitate
915 2099 1097 2158 consisteret.

219 2197 387 2256 ⁴Traditum
407 2202 452 2254 eet
478 2196 575 2265 etiam,
601 2198 759 2256 Homerum
773 2215 896 2256 caecum
913 2199 1011 2256 tuisse.
1053 2197 1097 2256 At
1121 2185 1123 2188 ¹

229 2296 292 2371 ejus
316 2297 467 2369 picturam,
489 2316 548 2356 non
570 2296 691 2371 poesim,
713 2297 855 2354 videmus.
897 2299 982 2372 Quae
1007 2296 1099 2372 regio,

170 2419 171 2422 ¹
229 2411 303 2470 quae
317 2411 375 2464 ora,
396 2396 445 2471 qui
467 2399 547 2458 loeus
570 2396 723 2463 Graeciae,
748 2413 821 2470 quae
843 2395 956 2468 species
979 2396 1099 2465 turmae,

227 2491 248 2526 ⁷¹
259 2511 332 2570 quae
345 2511 450 2570 pugna,
463 2498 653 2581 quae'ceies,x
662 2496 738 2572 quod
757 2495 917 2570 remigium,
931 2495 980 2570 qui
1003 2501 1098 2556 motta

228 2592 388 2660 hominum,
401 2594 450 2668 qui
463 2596 594 2662 serarum,
608 2613 667 2652 con
690 2594 732 2651 ita
746 2596 881 2668 expictus
902 2600 955 2662 est,
969 2599 1009 2660 ut,
1023 2610 1099 2669 quae
1124 2615 1127 2620 ·

216 2692 291 2765 ipse
306 2709 365 2750 non
380 2692 496 2760 viderit,
517 2711 572 2750 nos
596 2697 627 2750 ut
652 2693 825 2760 videremus,
848 2689 1001 2750 effecerit?
1029 2691 1100 2764 quid

227 2809 298 2866 ergo
310 2797 361 2850 aut
374 2793 502 2852 Homero
525 2795 561 2850 ad
575 2792 801 2852 delectationem
821 2789 921 2856 animi,
947 2807 982 2848 ac
996 2793 1099 2862 volup-

229 2893 329 2958 tatem,
343 2895 393 2948 aut
415 2891 549 2970 cuiquam
571 2893 658 2950 docto
671 2889 796 2949 defuisse
821 2905 956 2964 umquam
979 2889 1098 2945 arbitra·

257 3043 280 3077 ⁰⁸
295 3044 425 3092 Eretricum
440 3045 610 3108 pittoropduaa]
627 3046 663 3092 Sic
678 3043 760 3105 primus
773 3043 844 3090 edidit
860 3042 980 3098 Victorius,
994 3041 1034 3089 sed
1045 3045 1099 3087 ante

225 3107 273 3164 iam
283 3103 314 3150 sic
323 3109 448 3150 correxerat
458 3105 571 3151 Corradus
587 3105 609 3150 iu
619 3105 756 3154 dumetum.
776 3104 806 3149 sie
821 3102 892 3148 habet
909 3105 934 3148 et
952 3101 1000 3148 Me.
1022 3099 1097 3152 Guelf.

228 3163 280 3211 edd.
301 3177 334 3223 pr.
346 3163 430 3210 habent
439 3177 479 3208 mc
488 3163 634 3211 inexercitum
644 3162 800 3218 philosophum.

257 3241 281 3274 ⁸⁹
294 3241 394 3302 sitisset]
413 3241 539 3298 intelligunt
554 3225 687 3288 meudicare.
719 3241 763 3287 ded
773 3245 849 3286 cetera
863 3239 918 3286 mihi
933 3253 977 3286 nou
994 3239 1097 3286 videntur

227 3301 364 3347 consentire:
380 3301 438 3360 quod
450 3299 582 3359 psitsudom
591 3299 682 3346 Graecis
696 3299 799 3359 quetidie.

258 3377 281 3410 ⁷⁰
295 3377 341 3434 ipre
349 3377 492 3439 irfinitatem]
510 3379 597 3439 reposui
606 3379 651 3435 ipae
661 3393 702 3439 pro
710 3375 757 3434 ille',
769 3393 793 3424 re
803 3382 826 3424 et
834 3377 948 3426 latInitate
955 3376 1097 3439 postulante:

227 3435 292 3485 elii·
308 3463 316 3474 ·
330 3437 382 3493 ipsa.
415 3439 522 3484 sexcenta
531 3437 760 3507 exemplasuutaprpd
769 3438 907 3484 Ciceronem.

229 3515 452 3640 wamma
460 3515 538 3626 &aa
546 3531 643 3581 pugnae.
672 3515 781 3577 Davisius
791 3516 855 3569 dedit
865 3517 987 3580 formssw
994 3527 1085 3578 ΝΜ
