2552 4208
208 299 270 362 10ss
450 291 583 344 TUSGUh
602 284 844 345 QUAESTIONUH

207 443 335 520 gnidum,
360 459 418 502 non
441 441 536 501 virite.
578 441 778 500 obversentur
798 435 914 514 suecica
933 435 1078 496 honertcc

207 544 325 602 animo:
347 543 433 602 Zeno
445 547 619 616 proponatur
639 541 767 608 menter,
791 541 840 614 qui
863 555 1013 614 perpessus
1033 543 1080 595 ert

209 643 309 702 omnia
336 643 441 718 potius,
467 659 552 716 quam
581 641 715 722 courcioe
741 641 886 700 delendae
914 637 1079 713 tyrannidi·

207 742 359 802 indicaret.
384 742 421 798 de
445 741 624 800 Anaxarcho
650 739 832 798 Democritio
855 737 1009 812 cogitetur,
1028 735 1078 812 qui

209 858 276 899 cum
298 842 391 916 Cypri
411 841 441 898 in
462 857 564 898 manns
590 840 795 898 Nicocreontis
815 839 891 912 regis
917 833 1080 902 incidisset,

208 943 320 999 nulium
339 958 430 1015 genua
451 940 588 1015 supplicii
610 941 781 1012 deprecatur
806 945 860 1004 eet,
882 953 976 1011 neque
1000 951 1081 992 recu·

97 1036 104 1046 '
208 1041 295 1098 eavit.
350 1041 479 1098 catenus
503 1042 603 1108 Indue,
626 1038 789 1096 “indoctus
813 1055 850 1094 ac
878 1038 1022 1102 cerberus,
1048 1035 1081 1092 in

207 1140 354 1198 radicibus
369 1140 497 1198 Caucasi
511 1145 606 1206 natue,
620 1156 671 1196 rua
686 1140 838 1196 votuutete
853 1136 940 1194 vivus
950 1136 1081 1193 combur-

209 1244 256 1296 tue
276 1245 329 1296 eat.
353 1257 414 1306 nos,
437 1239 462 1296 si
485 1257 536 1312 per
562 1239 723 1306 condoluit,
745 1238 771 1296 ni
791 1239 873 1306 dena,
892 1235 952 1294 ”ai
972 1245 1082 1296 tactum

215 1341 315 1398 dolore
330 1356 445 1412 corpur,
466 1339 540 1396 ferre
562 1357 620 1396 non
643 1355 800 1412 possumne.
822 1338 923 1411 opinio
945 1345 989 1396 cat
1003 1336 1084 1396 enim

213 1439 355 1513 quaedam
369 1438 559 1496 effaeminata
569 1456 604 1495 ac
619 1438 704 1506 levia,
717 1436 737 1468 ⁸⁹
746 1455 801 1496 nec
815 1437 846 1494 iu
859 1439 959 1494 doiore
981 1436 1084 1512 magis,

213 1555 299 1613 quam
317 1537 348 1596 in
363 1541 530 1614 voluptate:
558 1557 614 1615 que
627 1557 694 1596 curn
710 1538 906 1613 liquescimus,
924 1535 945 1570 ⁰⁰
959 1540 1085 1597 finimur·

212 1655 268 1714 que
292 1638 424 1707 mottitia,
448 1640 512 1713 apin
536 1643 669 1698 ecuteunr
692 1640 756 1699 eine
776 1643 904 1699 clamore
926 1641 999 1698 terre
1022 1657 1082 1698 uon

211 1755 371 1812 possumus.
415 1741 457 1796 At
472 1757 543 1797 vero
564 1740 599 1796 C.
626 1739 746 1806 Marius,
767 1741 929 1798 rusticanus
954 1739 1010 1810 vir,
1030 1741 1082 1798 sed

215 1839 303 1910 piane
330 1837 384 1908 vir,
412 1855 479 1895 cunr
500 1845 658 1905 secaretur,
679 1845 710 1896 ut
734 1857 821 1914 cupra
839 1839 914 1907 dixi,
938 1839 1085 1914 principio

216 1935 311 1992 vetuit
325 1953 357 1992 ne
378 1935 509 2008 attigeri:
542 1939 760 2014 necquicquam
778 1945 848 1998 aute
869 1939 997 1998 Martum
1011 1942 1086 1996 ectu·

218 2041 265 2091 tus
278 2035 386 2091 dicitur
407 2053 470 2092 esre
485 2041 591 2094 nectua.
613 2055 665 2096 cur
684 2055 754 2111 ergo
775 2045 876 2112 postea
898 2037 972 2097 clii?
993 2039 1087 2097 valuit

219 2135 385 2191 auctoritas.
427 2135 560 2192 Videsne
577 2136 673 2210 igitur,
693 2139 841 2212 opinionis
855 2129 933 2207 care,
957 2154 1016 2196 uon
1037 2155 1088 2196 na·

219 2238 300 2290 turae
315 2231 443 2292 maium?
463 2239 493 2290 et
507 2239 604 2292 tamen
619 2236 706 2294 tuisne
720 2255 817 2296 acrem
832 2257 956 2308 motuum
969 2239 1087 2308 doloris,

219 2333 297 2390 idem
322 2331 431 2390 Mariua
451 2335 586 2391 ostendit.
609 2353 674 2393 crur
688 2336 768 2394 enim
788 2340 910 2396 aiterum
926 2355 985 2398 non
1007 2357 1088 2412 prae·

219 2432 290 2488 anit.
304 2431 346 2489 iia
360 2438 390 2490 et
404 2434 469 2490 tulit
482 2435 621 2504 dotorem,
635 2443 666 2494 ut
681 2436 736 2503 vir,
749 2444 780 2494 et
792 2445 823 2496 ut
839 2440 934 2508 homo,
948 2439 1087 2514 majorem

218 2531 292 2588 terre
306 2531 370 2592 sine
383 2549 470 2591 cauea
486 2535 649 2592 necessaria
671 2536 772 2594 uoluit.
794 2544 884 2596 totum
906 2539 993 2614 igitur
1006 2540 1036 2598 in
1051 2557 1088 2597 eo

219 2637 273 2698 eet,
299 2637 331 2688 ut
356 2631 409 2690 tibi
435 2632 571 2706 imperes.
625 2635 750 2692 Ostendi
779 2645 887 2706 autem,
909 2641 984 2714 quod
1011 2644 1090 2696 casei

217 2732 379 2804 imperandi
392 2750 493 2806 genus,
507 2735 678 2808 atquehacc
693 2735 840 2810 cogitatio,
856 2737 924 2812 quid
936 2739 1089 2812 patientia,

218 2834 286 2908 quid
300 2833 483 2900 fortitudine,
493 2834 560 2909 quid
572 2836 772 2910 magnitudine
786 2837 876 2894 arrimi
887 2837 1089 2913 dignissimum

220 2987 280 3093 ¹3⁸⁷·
289 2987 389 3035 indoctus
398 3004 423 3035 uc
434 2989 465 3048 d]
483 2994 521 3035 ant
538 2989 577 3035 itte
588 2989 679 3036 videtur
689 2991 822 3050 addendum,
832 2998 871 3040 aut
885 2993 929 3052 m'r,
941 2997 966 3040 ui
976 2998 1009 3042 ert
1019 2994 1041 3040 in
1051 2993 1087 3040 ed.

244 3063 297 3092 eurr.
313 3063 346 3107 pr.

249 3127 270 3159 ⁸⁸
285 3127 397 3172 rituctcrn
406 3111 480 3172 dolore
490 3125 576 3186 corpur]
598 3125 628 3172 n'c
639 3139 653 3169 e
664 3127 720 3174 Man
739 3128 868 3190 quiburdnm
887 3132 958 3178 edidit
975 3131 1089 3180 Davisiur.

221 3183 285 3231 bene.
318 3184 436 3232 Conuenit
458 3186 503 3230 Ma.
525 3185 598 3231 Gueii.
631 3185 760 3245 Vulgarum,
773 3189 815 3245 ,fer
835 3195 904 3236 totum
923 3193 997 3237 duim
1013 3203 1092 3247 corpus

220 3258 264 3308 non
275 3251 351 3305 aptum
361 3250 395 3290 ert
405 3243 537 3299 sententiae,
549 3258 606 3304 quae
617 3245 645 3290 ad
657 3245 729 3292 levem
739 3249 838 3295 dolorern
849 3250 954 3310 pertinet.

250 3323 272 3355 ⁸⁹
285 3324 360 3370 necin
370 3324 444 3369 dolore
460 3322 539 3380 mugit,
555 3338 621 3382 otium
640 3324 713 3370 ecdem
730 3325 756 3372 r'n
775 3329 828 3388 coi]
845 3329 918 3374 ecdem
937 3330 1026 3375 videtur
1042 3341 1093 3374 care

221 3381 295 3428 alieno
313 3383 370 3436 loeo,
382 3383 576 3442 reponendumque
587 3389 635 3443 poet
645 3385 722 3441 magis.
734 3399 774 3431 nec
789 3386 815 3432 in
832 3389 905 3433 datore
922 3391 993 3446 megia
1009 3389 1092 3444 tndem,

221 3455 287 3500 quam
297 3442 448 3496 inuoluptate.
481 3443 524 3487 Sed
534 3443 612 3488 meiius
622 3444 740 3489 delebitur.
753 3459 793 3490 nec
802 3452 834 3492 eat
845 3446 866 3493 iu
878 3448 925 3494 Ma.
936 3448 1011 3495 (iucif.

253 3519 275 3549 ⁹⁰
281 3517 423 3577 finitamque
432 3521 535 3580 multitia]
550 3521 626 3568 malim
635 3523 712 3570 abesae
722 3523 823 3572 multitia.
