2548 4208
230 321 297 390 254
463 316 599 368 ausono.
620 317 864 373 animaremur

229 468 356 536 heronii,
369 468 477 528 multos
489 468 578 527 beate
591 467 703 527 vixisse
716 470 874 544 sepientes.
890 468 998 530 deinde
1012 477 1106 536 multe

229 568 369 642 animem
378 625 379 632 ,
389 567 500 641 peroipi
514 585 598 641 posse
613 569 745 643 legendis
770 569 826 638 his,
839 587 925 645 qnam
939 573 1105 644 audiendis,

229 672 421 742 voluptutem.
463 667 553 736 Tum,
567 673 598 726 ut
613 671 711 742 paullo
725 675 794 728 unte
813 685 920 730 ooeeoe
936 673 973 731 ad
992 673 1106 734 aurium

230 769 453 828 nadaeebanns
477 769 670 841 voluptatem,
691 769 736 829 sie
749 769 822 828 lieet
841 773 941 830 surdos
956 775 993 830 od
1007 775 1107 832 oeulo-

229 883 302 927 rum.
330 866 441 924 etenim
464 867 514 942 qui
538 884 639 926 seeum
672 869 752 944 loqui
787 871 905 945 poterit,
938 889 1103 934 sermonem

229 967 348 1026 ulterius
362 984 421 1025 non
436 965 568 1040 reqrriret.

269 1067 473 1142 Congerantur
490 1065 522 1123 in
547 1081 636 1124 unum
658 1066 767 1134 omnia,
790 1071 822 1126 ut
842 1067 921 1126 idem
944 1070 1047 1139 oeulis,
1072 1074 1104 1132 et

228 1165 344 1226 turibus
356 1173 458 1238 eaptus
470 1165 524 1222 sit:
540 1171 684 1239 prematur
694 1166 783 1224 etism
792 1167 939 1226 doloribus
954 1171 1104 1230 anenimin

228 1265 376 1338 eorporis3
396 1265 446 1340 qui
468 1265 590 1338 primum
617 1283 669 1337 per
690 1283 721 1322 se
745 1265 804 1338 ipsi
825 1269 991 1342 pteramque
1012 1270 1103 1328 eonti-

228 1363 312 1422 eiunt
346 1363 512 1422 hominem:
546 1363 593 1421 sin
617 1363 692 1422 forte
725 1363 938 1440 longinquitate
965 1367 1102 1438 producti

228 1463 432 1521 vehementius
447 1467 545 1520 tamen
567 1469 710 1532 torquent
730 1481 815 1539 quam
835 1471 864 1522 ut
879 1481 967 1522 eausa
987 1465 1035 1533 sit,
1049 1481 1104 1526 our
1126 1455 1131 1466 '

226 1561 374 1621 terantur:
395 1562 461 1636 quid
473 1567 518 1620 est
527 1564 653 1629 tandem,
667 1563 709 1620 dii
723 1563 809 1622 bonit
830 1547 1102 1637 qumranhemust
1143 1569 1150 1588 ¹
1266 1587 1267 1596 ¹

227 1669 326 1736 portus
342 1663 421 1720 enim
437 1668 561 1734 praesto,
573 1668 618 1720 est
638 1661 659 1696 π
669 1660 818 1740 [quoniam
833 1679 909 1720 more
918 1663 1026 1722 ibidem
1037 1663 1099 1742 est]

227 1769 379 1822 aeteruum
399 1761 474 1819 nihil
498 1763 637 1820 sentienti
659 1763 885 1834 receptaculum.
927 1762 1102 1822 Theodorus

227 1861 409 1934 Lysimacho
422 1868 543 1920 mortem
557 1860 723 1918 minitanti:
750 1860 894 1936 Magnum
912 1877 986 1930 uero,
998 1862 1102 1934 inquit,

227 1957 355 2037 affecisti,
382 1957 410 2017 si
436 1956 612 2016 munands
637 1961 695 2017 uim
720 1966 880 2017 censendus
906 1977 943 2018 es.
993 1961 1100 2019 Paulus

228 2057 336 2118 Persae
360 2057 542 2129 deprecanti,
564 2075 602 2115 ne
622 2059 655 2116 in
677 2057 823 2132 triumpho
845 2060 1014 2118 duceretur:
1033 2058 1102 2118 ”In
1206 2053 1212 2066 “

226 2162 278 2216 mu
295 2147 330 2212 'id
339 2153 448 2232 quidem
456 2163 590 2233 potestate
603 2163 651 2215 est.
693 2157 789 2216 Multo
803 2157 897 2230 primo
910 2158 968 2226 die,
981 2175 1048 2216 euro
1062 2160 1100 2218 de

228 2256 292 2330 ipsa
318 2261 410 2314 morte
431 2273 648 2330 quaereremus:
669 2273 730 2316 non
752 2273 846 2330 ¹panea
865 2257 954 2315 etiam
975 2264 1100 2330 postero,

228 2371 297 2414 eum
310 2359 444 2430 ageretur
466 2357 503 2414 de
517 2357 626 2424 dolore.
649 2361 716 2414 sunt
738 2355 820 2414 diota
832 2357 870 2414 de
894 2363 1003 2414 morte:
1024 2375 1099 2431 quae

227 2453 277 2530 qui
291 2457 465 2523 recordetur,
480 2457 555 2514 haud
570 2473 641 2513 sone
657 2455 816 2530 perieulum
830 2462 884 2524 est,
899 2471 936 2512 ne
950 2472 1010 2514 non
1024 2473 1101 2528 more

227 2559 287 2612 tem
308 2557 546 2630 autumantium,
569 2560 619 2612 aut
640 2559 719 2612 eerte
742 2571 802 2612 non
824 2555 983 2613 timendam
1007 2559 1099 2629 putet.

173 2647 213 2727 Jdl
229 2653 306 2714 Mihi
329 2655 446 2730 quidem
466 2654 498 2712 in
518 2654 595 2721 'vitm
619 2655 764 2710 servande
785 2653 902 2714 videtur
926 2653 988 2728 tue,
1001 2653 1098 2724 ilex,

227 2755 347 2831 quaein
369 2754 549 2812 Graecorum
569 2752 719 2810 conviviis
742 2753 903 2823 obtinetur;
934 2753 993 2810 Aut
1012 2751 1099 2824 bibet,

226 2851 331 2930 inquit,
358 2859 408 2910 ont
434 2851 525 2910 obeat
580 2852 619 2910 Et
647 2857 736 2909 reete.
793 2853 856 2910 Aut
882 2851 962 2910 enim
989 2837 1099 2910 truatur

226 2953 332 3028 eliquia
356 2953 464 3028 pariter
482 2969 550 3010 eum
565 2951 631 3009 aliis
643 2953 794 3024 voluptate
817 2951 954 3025 potandi:
986 2957 1045 3021 aut,
1059 2969 1099 3010 ue

255 3107 280 3144 '1⁷
294 3107 398 3168 queniam
407 3106 558 3154 meroflidem
567 3105 606 3166 est]
626 3105 683 3152 hoec
692 3105 753 3152 uneis
763 3105 851 3164 inclusi,
861 3109 896 3154 est
910 3104 970 3152 enim
979 3105 1097 3154 manifeste

225 3172 282 3214 nota
292 3166 428 3226 glossatoris,
438 3171 464 3212 ut
478 3164 588 3211 viridoeti
602 3164 740 3222 judicavere.
773 3165 872 3211 Verbum
887 3179 945 3212 nore
961 3171 1097 3212 tamencum

227 3227 325 3276 Buherio
343 3225 411 3272 velim
422 3223 507 3272 servari
522 3223 565 3270 sie:
580 3228 657 3280 partus
674 3223 733 3270 enim
747 3230 831 3280 praesto
843 3228 875 3270 est
892 3239 952 3270 snors
971 3232 999 3282 ts.
1010 3225 1097 3282 mortu)

225 3291 341 3333 oetemum
350 3284 386 3332 nil
401 3283 505 3330 sentienti
517 3297 561 3329 rec.
595 3283 728 3340 Augustinus
745 3283 803 3330 hune
822 3283 895 3330 locum
915 3284 1009 3330 efferens
1027 3283 1098 3334 hebet

226 3345 343 3400 sentiendi,
354 3344 408 3398 item
419 3343 466 3390 Ma.
482 3343 540 3403 apud
559 3340 683 3388 Danielum.
715 3343 819 3388 Sedrron
836 3344 912 3404 plaoet
928 3343 1036 3390 Buherio.
1056 3355 1096 3388 nee
1119 3389 1124 3398 ,

225 3403 288 3449 mihi.
299 3404 336 3451 nit
345 3402 449 3449 sentienti
458 3407 499 3456 est,
515 3401 566 3462 quia
577 3400 635 3447 nihil
645 3400 712 3447 sentit
721 3407 828 3448 mortuus.

255 3481 278 3514 '¹⁸
290 3481 321 3528 ln
330 3487 370 3530 tuo
378 3481 405 3528 id
413 3481 501 3542 quidem
507 3485 607 3538 potestate
616 3481 655 3542 est]
676 3495 756 3542 nempe
765 3485 829 3542 potes
839 3483 862 3526 te
871 3479 1004 3528 interficere.

255 3559 279 3592 '¹⁹
293 3561 337 3614 len,
352 3575 407 3630 queue
468 3561 606 3667 fiblfmffli
641 3559 746 3612 Davisius
765 3559 861 3610 annexit
879 3560 970 3621 oldad,
986 3573 1031 3610 non
1045 3572 1098 3621 pro·

223 3615 294 3670 haute
305 3619 588 3681 Buher10.mrhruondup
606 3622 649 3671 eet.
