3354 4234
700 312 800 366 utem
814 311 946 364 mutuus

532 499 555 537 ¹⁸
563 499 659 550 Coelan
673 498 798 557 nutem
812 499 904 548 arboreo
918 497 1067 558 frondescere,

532 582 554 618 ¹⁷
563 581 629 628 Vitae
643 580 755 628 laetifioae
768 579 879 641 pampini·
894 580 1023 642 puberem,

492 690 495 702 ι
533 659 602 708 Remi
618 659 736 706 baooarurn
749 659 854 706 ubertate
862 658 1018 718 inrumieeere,

532 740 625 798 uegeto·
640 725 718 796 largiri
733 739 816 796 fruger,
830 739 911 784 florere
925 739 1009 796 omnia,

533 817 618 866 Fontes
632 821 725 874 metere,
741 815 816 862 berbin
834 819 899 877 prate
913 815 1075 865 convestirier:

383 958 404 996 ¹⁸
414 965 476 1022 tum
490 959 706 1020 multitudinem
721 957 873 1032 pecudum,
887 957 993 1033 partim
1013 959 1051 1016 ad
1065 960 1256 1029 vendendum,

384 1061 490 1138 partim
503 1062 540 1120 ed
556 1064 651 1119 eulina
665 1074 807 1133 agrorum,
826 1057 931 1131 partim
945 1058 983 1115 ad
999 1059 1173 1126 vehendum,
1194 1077 1257 1134 par·

383 1160 438 1220 tim
450 1162 489 1219 ad
512 1177 634 1234 eorporn
647 1157 824 1216 vestienda:
845 1156 1051 1230 hominemque
1075 1158 1169 1229 ipsum
1188 1169 1257 1233 qut·

383 1261 410 1320 ai
423 1261 684 1334 contemplatorem
698 1255 776 1317 caeli
799 1271 835 1314 ae
857 1257 986 1324 deorum,
1000 1255 1183 1332 ipeommque
1196 1259 1258 1319 oul-

384 1364 497 1420 torem:
517 1365 603 1435 atque
617 1356 744 1416 hominia
766 1354 887 1414 utilitati
910 1371 994 1430 egr-oo
1007 1371 1107 1413 omnen
1122 1361 1153 1413 et
1166 1356 1258 1414 meria

385 1459 528 1534 parentia.
570 1457 654 1514 Haeo
682 1454 780 1527 igitur,
803 1459 834 1510 et
857 1452 916 1510 alia
939 1453 1162 1513 innumerabilia
1189 1471 1257 1514 oum
1266 1454 1309 1516 ed

385 1555 543 1620 ceruimus,
564 1567 751 1624 poenumuene
764 1550 905 1620 dubitare,
928 1551 996 1626 quin
1010 1552 1056 1609 hie
1078 1555 1183 1624 praesit
1205 1554 1258 1614 ali·

387 1653 451 1728 quie
466 1652 515 1709 vel
536 1649 666 1716 effector,
680 1647 705 1706 ei
726 1648 800 1704 heeo
813 1652 884 1704 nata
896 1652 972 1716 eunt,
990 1655 1022 1705 ut
1037 1649 1154 1710 Platoni
1177 1653 1257 1712 vide·

386 1757 453 1812 ltu:
483 1753 543 1818 vel,
574 1748 600 1806 oi
627 1763 742 1820 nemper
767 1745 884 1814 luerint,
910 1750 942 1804 ut
969 1746 1124 1807 Aristoteli
1150 1752 1259 1824 planet,

385 1851 550 1912 moderator
579 1846 656 1905 tanti
682 1843 778 1920 operia
806 1842 827 1876 ¹⁹
835 1849 866 1903 et
892 1843 1040 1906 muneris?
1058 1847 1102 1905 aio
1129 1857 1260 1912 mentem

384 1948 523 2018 hominia,
543 1945 677 2023 quamvis
698 1961 765 2004 eam
784 1943 970 2014 domidedun,
989 1951 1021 2004 ut
1034 1948 1122 2007 deum
1141 1967 1201 2009 nou
1215 1952 1259 2010 vi·

384 2051 456 2110 dea:
477 2054 576 2107 tamen
593 2051 625 2104 ut
637 2047 724 2104 deum
732 2044 867 2119 agnoscis
881 2063 919 2102 ex
929 2045 1065 2119 operibus
1076 2047 1147 2122 ejus,
1160 2049 1204 2110 aie
1217 2065 1259 2112 ex

386 2148 527 2208 memorie
540 2163 645 2213 rerum,
669 2148 701 2204 et
720 2142 904 2212 inventione,
925 2148 956 2200 et
977 2146 1130 2205 eeleritate
1154 2155 1260 2221 motus,

386 2248 524 2324 omnique
548 2243 744 2322 puleritudiue
769 2242 884 2302 virtutis
910 2242 972 2302 vim
996 2243 1130 2306 divinam
1151 2249 1259 2309 mentio

386 2347 550 2424 agnoscito.
591 2346 628 2406 lu
649 2361 706 2421 quo
728 2342 816 2418 igitur
838 2345 904 2402 looo
925 2340 991 2402 ert?
1010 2345 1101 2404 oredo
1123 2348 1261 2423 equidem

388 2447 420 2507 iu
435 2446 552 2520 eapite:
573 2449 614 2513 et,
624 2461 676 2505 our
686 2444 813 2511 orednm,
825 2441 928 2501 afferre
942 2459 1077 2517 poenum:
1098 2447 1148 2502 aed
1163 2446 1259 2507 aliane

386 2543 408 2576 ¹⁰
417 2561 497 2604 nuno
509 2543 611 2602 ubisit
624 2541 746 2612 animun,
760 2546 839 2600 oerte
853 2540 969 2618 quidem
988 2541 1020 2601 in
1033 2548 1064 2602 te
1077 2550 1132 2603 eet.
1173 2546 1259 2622 Quae

417 2719 439 2753 ¹⁶
454 2719 549 2766 Caelum
562 2718 680 2765 adlucere.
723 2717 759 2764 Sia
775 2717 869 2776 vulgati.
900 2718 933 2764 At
947 2717 998 2762 edd.
1010 2721 1067 2764 vett.
1083 2718 1157 2780 plnrer
1174 2719 1260 2770 habent

387 2779 560 2828 pleromate
571 2779 618 2824 Me.
630 2776 680 2822 Gue
690 2775 705 2821 l'.
715 2773 774 2835 quod
784 2775 901 2820 cartonen
911 2773 945 2820 ite
954 2775 1011 2821 bene
1020 2775 1132 2834 convenit,
1143 2782 1167 2824 ut
1183 2779 1259 2840 vulga·

388 2845 445 2888 tum.
478 2837 523 2883 Sed
542 2835 683 2882 Camerariue
699 2835 721 2879 in
737 2831 863 2879 Commio
881 2833 949 2880 Ture.
969 2833 1041 2879 edidit
1059 2835 1130 2882 erlem
1146 2836 1259 2898 adaerere,

388 2895 468 2948 nereio
478 2893 545 2942 uude.
556 2893 578 2940 id
590 2892 684 2940 maxime
691 2891 774 2953 planet.
786 2890 809 2936 in
818 2889 854 2936 ed.
864 2891 963 2960 Operum
978 2891 1025 2938 Cio
1038 2897 1112 2940 tamer
1128 2893 1196 2942 habet
1210 2895 1261 2944 vul·

388 2960 466 3062 ‘glum
475 2952 680 3059 ceclowe-reme
711 2949 791 2998 Solum
800 2949 857 2998 bene
865 2950 948 2998 droitru
957 2949 1062 3000 minem
1070 2955 1172 3014 tempore
1180 2967 1259 3017 verno,

388 3029 450 3062 ure
470 3027 553 3072 agrem
603 3047 608 3058 .

389 3093 441 3202 m?
458 3091 518 3139 Vites
531 3087 657 3154 laudiceae]
688 3089 724 3140 Sic
733 3089 786 3139 edd.
801 3091 858 3138 vett.
877 3104 961 3150 omnen,
971 3089 1026 3138 item
1042 3089 1090 3140 Ma.
1105 3089 1180 3140 duell.
1191 3093 1260 3154 velpa

420 3167 507 3278 ¹:⁸33:
519 3229 695 3288 multitudinem,
704 3231 759 3294 eta]
774 3227 831 3279 liaeo
840 3229 1001 3290 conjunguntur
1009 3243 1060 3278 cum
1075 3229 1224 3292 reperioribur
1232 3235 1260 3286 ut

389 3305 441 3340 cum
450 3291 551 3340 νίάοηιιιε
560 3291 650 3350 speciem
658 3291 766 3349 primum,
777 3296 820 3338 eto.

389 3371 593 3478 dignituiiriffl]
608 3370 700 3418 verbum
715 3371 806 3418 ductum
825 3385 840 3418 e
856 3367 987 3433 epeetaoulie
1002 3369 1071 3417 Rom.
1090 3381 1149 3431 quae
1166 3383 1261 3420 munere

420 3509 444 3542 ¹⁰
458 3523 521 3556 nono
530 3507 571 3556 alr·
580 3509 609 3558 rr't
617 3509 726 3574 noiomi
758 3509 784 3560 ln
794 3508 853 3561 mv.
865 3511 885 3562 l.
896 3512 932 3559 ert
941 3507 1037 3561 ulium.
1048 3521 1092 3560 nou
1102 3507 1169 3560 male.
1179 3507 1218 3560 red
1228 3507 1261 3558 rie

391 3565 433 3616 uli
442 3565 538 3630 intelligi
548 3572 629 3630 potent.
