2548 4208
473 319 572 372 nana
586 321 738 375 QUtttTUS.
924 329 926 334 ·
982 331 1045 397 255

168 469 294 532 'minime
308 470 419 542 mirum,
442 471 632 530 condimenta
658 471 737 530 eninr
758 470 920 532 defuerunt.
963 473 1047 548 Quae

175 571 304 638 tandem,
318 571 413 644 inquit
434 567 509 628 itte?
549 571 647 628 Labor
659 571 690 629 in
706 576 823 640 venatu,
834 561 932 641 iudor,
950 569 972 604 ²⁸
985 589 1047 634 cur·

174 687 222 728 rus
235 670 273 726 ab
287 669 406 735 Eurota,
420 668 519 736 tames,
533 669 607 728 sitis.
627 671 672 728 his
693 670 773 728 enim
793 671 876 729 rebus
897 672 1047 730 Lacedae·

172 768 337 827 moniorum
357 769 460 841 epulae
487 768 670 842 cpndiuntnr.
717 770 815 845 Atque
843 771 899 829 hoc
924 788 983 828 non
1007 789 1047 830 ex

95 849 110 854 κ
174 865 327 926 homiuum
351 883 428 925 more
447 871 549 930 solum,
569 870 621 926 sed
642 868 731 927 etiam
751 886 790 928 ex
806 867 905 926 bestiis
920 868 1048 944 intelligi
1108 873 1110 878 '

173 968 280 1040 potest,
294 982 375 1039 quae,
390 971 421 1024 ut
440 967 578 1044 quidquid
600 967 747 1042 objectum
767 972 820 1036 est,
839 965 861 1000 ³⁷
871 969 946 1043 quod
960 969 1047 1025 modo

174 1078 194 1119 a
207 1066 309 1120 natura
323 1081 381 1122 non
395 1065 433 1123 sit
446 1067 584 1135 alienum,
601 1083 638 1124 eo
651 1071 809 1126 contentae
825 1083 884 1124 non
906 1071 1047 1140 quaerunt

175 1161 309 1234 amptius.
349 1163 495 1222 Civitates
521 1168 664 1240 quaedam
688 1165 854 1234 universae,
874 1183 953 1223 more
978 1167 1047 1223 doc·

175 1263 234 1327 tae,
261 1260 437 1334 parsimonia
460 1265 652 1334 delectantur,
680 1269 711 1323 nt
736 1266 775 1322 de
801 1263 1046 1322 Lacedaemoniis

173 1361 273 1434 paulto
283 1367 352 1420 ante
366 1359 501 1420 diximus.
542 1364 695 1422 Persarum
709 1381 726 1420 c
741 1365 939 1438 Xenophonte
949 1363 1047 1421 victur

174 1459 348 1532 exponitur:
369 1477 440 1534 quos
453 1467 541 1536 negat
554 1464 592 1522 ad
606 1480 712 1536 panem
729 1464 867 1522 adhibere
881 1463 1047 1538 quidquam,

173 1563 289 1634 praeter
313 1558 493 1618 nasturtium.
536 1561 727 1634 Quamquam,
746 1561 773 1618 si
795 1563 937 1638 quaedam
956 1561 1048 1620 etiam

170 1658 310 1728 suaviora
323 1664 426 1718 natura
437 1659 593 1728 desideret,
607 1677 692 1734 qnam
702 1663 793 1718 multe
806 1679 846 1718 ex
867 1666 951 1729 terra,
966 1661 1047 1719 arbo·

173 1757 308 1832 cibusque
322 1759 488 1834 gignuntur,
512 1776 580 1817 oum
603 1758 689 1832 copia
712 1759 802 1827 taciti,
816 1764 877 1840 tum
900 1759 1048 1818 suavitate

172 1855 374 1930 praestantia?
394 1859 469 1916 adde
491 1858 667 1927 siccitatem,
680 1875 754 1934 quae
768 1858 954 1934 consequitur
967 1860 1045 1919 hanc

173 1956 387 2016 continentiam
400 1956 432 2015 in
446 1957 538 2016 victu.
557 1959 633 2016 adde
647 1958 843 2034 integritatem
864 1957 1042 2017 valitudinis.

172 2054 281 2115 confer
295 2057 442 2124 sudantes,
464 2062 621 2125 ructantes,
636 2059 756 2116 refertos
780 2057 882 2132 eputis,
898 2062 1046 2134 tamquam
1098 2056 1103 2068 ”

162 2154 283 2230 'opimos
298 2157 407 2214 boves:
429 2162 492 2214 tum
511 2157 670 2232 intelliges,
683 2157 732 2233 qui
747 2161 928 2232 voluptatem
953 2155 1046 2216 maxi·
1142 2213 1151 2224 ,

169 2269 218 2312 me
232 2260 396 2330 sequantur,
407 2273 457 2314 eos
473 2255 592 2315 minime
604 2257 743 2332 consequi
753 2257 1044 2332 ;jucunditatemque
1268 2237 1269 2250 ἵ

170 2351 268 2409 victus
283 2371 346 2410 esse
361 2353 392 2410 in
411 2354 566 2423 desiderio,
585 2372 644 2412 nou
657 2357 689 2414 in
703 2356 847 2415 satietate.
890 2355 1044 2414 Timothe·
1054 2361 1096 2421 35

170 2466 230 2526 nm,
244 2452 355 2509 clarum
365 2452 513 2510 bominem
529 2453 666 2519 Athenis,
677 2458 707 2509 et
722 2455 883 2529 principem
902 2455 1044 2525 civitatis,

171 2546 277 2614 terunt,
303 2565 370 2604 cum
384 2549 550 2606 cenavisset
565 2551 640 2624 apud
662 2551 823 2619 Platonem,
837 2569 929 2628 eoque
942 2555 1045 2613 convi-

171 2643 224 2704 vio
237 2646 392 2703 admodum
405 2648 568 2704 delectatus
590 2652 676 2717 esset,
691 2649 869 2725 vidissetque
890 2668 957 2708 eum
980 2665 1045 2724 pos·

159 2743 268 2820 iridis,
281 2744 408 2802 dixisse:
429 2743 556 2801 Vestrae
569 2747 686 2820 quidem
706 2765 799 2804 cenae
824 2766 883 2806 non
905 2751 998 2808 sotum
1010 2749 1045 2809 in

170 2843 345 2918 praesentia,
372 2845 424 2900 sed
451 2841 541 2900 etiam
573 2848 688 2916 postero
714 2844 762 2902 die
789 2847 938 2920 jucundae
966 2853 1043 2907 sunt.

172 2941 262 3014 Quid,
281 2942 357 3016 quod
372 2960 409 3000 ne
431 2945 529 3000 mente
561 2941 677 3018 quidem
706 2950 785 3002 recte
812 2945 856 3002 uti
883 2963 1044 3018 possumus,

171 3042 264 3100 mutto
293 3040 370 3108 cibo,
397 3045 427 3098 et
458 3039 577 3114 potione
608 3041 772 3115 completi?
812 3043 866 3103 Est
894 3048 1044 3119 praeclara

170 3141 297 3216 epistota
311 3139 441 3226 Plutonis
455 3142 493 3198 ad
507 3141 614 3202 Dionis
629 3143 820 3218 propinquos,
841 3144 872 3202 iu
886 3161 943 3220 qna
955 3143 1043 3220 scrip

170 3311 174 3316 ’
199 3293 223 3328 ³³
238 3295 353 3344 cursaret
363 3294 462 3356 Eurota]
478 3295 550 3344 tacitis
559 3300 593 3344 est
606 3297 880 3354 rememorationem,
891 3313 957 3362 qnam
968 3299 1043 3350 tedere

171 3353 285 3411 BentleJ'us
295 3359 317 3400 st
333 3355 444 3413 Deririur,
455 3361 478 3401 et
486 3355 518 3402 ric
527 3363 563 3402 ert
571 3357 634 3404 aiibi.
643 3358 681 3404 sed
692 3357 805 3416 vulgatum
815 3373 891 3405 verum
901 3373 948 3405 eree
973 3363 1040 3408 otert.

170 3413 352 3532 iiiiiirdiiitm
370 3413 459 3462 initium
478 3415 586 3476 cepisses
603 3416 653 3478 ripa
673 3417 782 3474 Eurotae,
801 3417 830 3464 ad
849 3432 942 3480 quamn
972 3419 1041 3468 ebant

201 3547 225 3580 ³⁷
239 3551 297 3622 quad
314 3551 400 3599 mro·
416 3557 502 3623 notura
517 3554 809 3664 nondtutirnumssaddidi
821 3570 847 3628 qo:
866 3571 880 3604 o
899 3557 944 3606 Μι.
963 3558 1036 3614 Gueli

172 3607 405 3670 manumisero.
436 3611 555 3664 Martem
565 3613 702 3678 liabetpran
731 3649 737 3664 .
768 3615 1005 3672 narrandorum.
