2558 4198
514 315 612 368 ntnnn
628 313 760 368 inrisus
819 337 823 342 ·
1017 319 1083 380 303

211 473 274 532 tore
301 471 334 530 io
360 471 461 528 nostre
493 471 650 541 potestate,
673 465 750 541 qnod
770 465 848 522 esset
870 479 969 522 corum
989 467 1084 524 ructus

212 578 310 634 certus
324 575 355 627 et
378 567 579 637 necessarium
598 565 725 634 invenit,
745 582 801 639 quo
822 565 908 622 modo
928 563 1084 622 necessitu-

211 675 273 730 tcm
297 667 447 742 effugeret,
474 667 550 742 quod
578 664 719 724 videlicet
742 662 943 724 Democritum
964 663 1084 738 fugerat.

213 770 258 828 sit
271 775 410 834 atomum,
423 782 489 824 oum
504 765 632 838 pondere
646 768 676 824 ct
689 763 835 838 gravitate
852 760 986 820 ¹directo
1003 763 1085 820 deor-

214 883 279 926 sum
301 865 417 933 serstur,
441 863 590 923 dectinsre
611 865 779 937 ponticlum.
821 862 888 922 Hoc
910 859 1009 918 dicere
1030 864 1085 917 tur·

212 966 279 1040 pius
293 971 347 1034 est,
360 961 448 1040 ouem
457 964 540 1031 ittud,
554 964 630 1039 quod
652 965 724 1033 vult,
739 979 798 1020 non
820 977 905 1034 posse
919 959 1084 1018 defendere.

212 1066 297 1126 lderu
310 1064 381 1122 iacit
391 1069 495 1122 contro
507 1062 700 1121 dialecticos:
720 1077 739 1118 u
752 1060 934 1136 quibuscum
949 1058 1087 1118 traditum

214 1164 263 1231 sit,
276 1162 327 1222 'in
340 1163 473 1222 omnibus
486 1161 740 1236 disjunctionibus,
753 1159 786 1218 in
806 1157 919 1234 quibus,
932 1164 981 1216 ard
993 1155 1087 1224 etiam

215 1269 267 1322 rus
279 1277 344 1328 corr,
358 1266 522 1334 poneretur,
532 1264 702 1320 alterutrum
715 1276 815 1318 verum
825 1275 908 1316 esse:
930 1257 1087 1332 pertimuit,

214 1377 263 1430 ne,
287 1361 312 1418 si
326 1377 498 1420 concessum
518 1365 596 1420 esset
610 1359 775 1435 hujusmodi
793 1358 911 1433 atiquirt,
928 1361 989 1416 Aut
1002 1357 1089 1414 vivet

214 1464 352 1525 essesut
364 1473 424 1516 non
438 1457 523 1516 rivet
543 1458 696 1532 Epicurus,
710 1461 879 1516 atterutrum
892 1458 974 1514 fieret
987 1473 1088 1514 neces·

207 1557 340 1618 ostium:
361 1559 452 1614 tntum
465 1557 532 1623 hoc,
553 1561 602 1614 ont
626 1556 716 1614 etiam
737 1558 789 1614 out
801 1573 870 1624 non,
885 1555 1008 1629 negavit
1021 1571 1086 1612 esse

206 1655 423 1716 uecesssrium.
465 1655 534 1728 Quo
548 1655 617 1729 quic
641 1654 701 1712 dici
715 1659 811 1728 potest
824 1650 977 1711 obtusius?
997 1651 1088 1726 Urge·

208 1757 268 1814 *ost
284 1754 433 1820 Arcesilas
443 1755 607 1820 Zenonem,
620 1753 761 1827 cumipse
774 1752 846 1810 iuteo
859 1754 959 1810 omniu
969 1751 1089 1818 diceret,

219 1869 294 1931 quse
322 1855 455 1912 sensibus
481 1854 667 1912 viderentur:
709 1852 795 1912 Zeno
818 1859 925 1920 sutem,
949 1854 1091 1910 nonnuttn

216 1953 284 2011 viss
297 1969 362 2011 esse
376 1953 459 2022 falsu,
477 1970 537 2012 non
550 1953 658 2012 omnia.
700 1951 816 2010 'l'imuit
830 1952 983 2026 Epicurus,
996 1969 1044 2020 ne,
1064 1950 1090 2008 si

216 2063 307 2111 unum
322 2053 417 2110 visum
431 2057 509 2110 essct
522 2051 635 2117 isinum,
647 2053 757 2109 nntium
768 2055 845 2109 esset
856 2069 973 2122 verum
988 2067 1090 2108 omnes

215 2153 320 2209 ‘sensus
347 2146 411 2208 veri
435 2149 553 2210 nuntios
574 2149 652 2207 dixit
676 2167 751 2207 csse.
773 2147 871 2209 ³nihit
896 2152 1007 2217 horum,
1031 2149 1089 2208 nisi

216 2250 336 2308 collide.
356 2249 520 2327 graviorem
535 2248 615 2306 enim
629 2252 744 2323 ptsgsm
762 2250 938 2324 accipiebat,
952 2256 982 2308 ut
997 2249 1090 2307 terio-

218 2360 281 2406 rcm
295 2350 459 2419 repetteret.
501 2348 584 2404 idem
598 2347 669 2404 iacit
689 2348 720 2406 in
745 2355 849 2408 nature
867 2350 995 2406 deorum.
1020 2349 1090 2406 dum

176 2485 181 2492 -
218 2446 436 2504 individuorum
453 2461 605 2518 corporum
628 2446 847 2504 concretionem
869 2427 949 2522 fugit,
964 2465 1001 2506 ne
1015 2447 1090 2506 inte·

220 2543 301 2611 ritus,
325 2550 356 2604 et
379 2543 532 2617 dissipatio
559 2549 761 2618 consequetur,
782 2549 871 2618 negot
897 2561 961 2602 esso
985 2561 1090 2620 corpus

219 2643 349 2712 deorum,
369 2645 420 2702 sed
443 2650 590 2718 tamquam
610 2660 734 2717 corpusr
754 2659 811 2702 noc
834 2643 1014 2718 sanguinem,
1037 2643 1090 2702 sed

219 2747 368 2818 umquam
393 2743 576 2818 sanguinent.
627 2742 765 2800 Mirabile
783 2742 908 2810 ridetur,
930 2743 1006 2818 quod
1029 2745 1142 2806 coniti

219 2841 314 2900 rident
338 2842 493 2915 haruspex,
517 2859 585 2900 cunr
606 2841 789 2914 haruspicem
804 2840 921 2899 viderit.
936 2841 992 2899 hoc
1007 2843 1090 2900 mira·

220 2940 318 3009 bilius,
331 2941 407 3017 quod
429 2959 482 2999 vos
502 2941 580 3000 inter
601 2957 654 2998 vos
668 2940 757 3000 risum
779 2946 878 3000 tenere
891 2941 1016 3016 possitis.
1030 2959 1091 3002 non

249 3093 259 3127 ¹
275 3093 357 3142 directo
365 3095 473 3144 deorsum
516 3093 621 3143 Davisius
630 3093 702 3142 edidit
711 3093 795 3144 ursus
811 3095 925 3144 demumr
942 3095 1000 3144 Mu.
1011 3095 1091 3158 quibus

218 3155 329 3261 triplum}
346 3154 421 3203 Gustt.
459 3095 582 3215 uiolatum
600 3169 671 3218 seque
688 3154 777 3212 bouum
795 3159 820 3203 st
834 3155 916 3204 directo
933 3161 968 3204 cst
984 3155 1090 3204 Ciceroni

249 3291 642 3356 supermemoratorum]
672 3293 721 3342 Mt.
739 3293 814 3342 costr.
830 3291 1027 3354 diu'ucttiosritur,
1046 3293 1090 3344 ud·

219 3351 374 3410 ttio‚io!libris
382 3353 471 3412 scriptis
479 3352 543 3400 vitio.

133 3433 146 3440 ⁸
250 3430 337 3477 ³sritsit
351 3429 439 3484 nomm,
457 3431 503 3478 nisi
520 3433 609 3494 collide]
625 3432 672 3481 nisi
687 3431 766 3479 mitius
775 3432 878 3480 vitiosum
897 3447 953 3490 esse,
970 3434 1087 3482 rerdocet.

219 3485 278 3534 nihil
296 3489 353 3536 euim
363 3489 441 3536 caltidi
451 3495 485 3537 est
503 3492 526 3538 io
536 3505 571 3546 eo,
597 3505 626 3538 oo
636 3493 706 3549 sunjos
715 3491 877 3538 incommodum
887 3493 989 3541 nubimus
1022 3494 1091 3542 Libri

221 3560 262 3616 scr.
273 3551 297 3592 et
313 3549 363 3618 cdd..
376 3553 431 3594 vett.
442 3549 519 3618 urus.-
538 3564 567 3620 qu
608 3551 692 3612 pariter
704 3550 807 3600 vitiosum
822 3556 864 3602 est.
875 3566 916 3604 uec
930 3552 1009 3606 notius
1020 3554 1089 3604 Drui-

222 3617 306 3666 stonum
316 3607 401 3655 carus:
417 3607 507 3657 malim:
527 3609 587 3657 rutil
596 3608 677 3658 torum
687 3609 773 3658 attide.
