2558 4198
216 312 281 380 Μ
464 293 510 352 DE
529 299 669 364 uiuunt
688 297 834 352 huonon

215 471 282 514 esse
304 451 461 528 quidquam
484 451 708 526 sempiternum:
729 469 828 510 noune
856 450 943 510 deum
967 453 1090 528 (sisinius¹

215 551 259 614 ita
273 551 360 618 toltit,
373 557 406 610 ut
418 553 529 616 nuliam
541 551 712 624 opinionem
727 551 788 625 ejus
809 550 952 626 reliquam
972 552 1063 613 iaciat
1077 549 1090 617 i

217 651 297 724 Quid
323 649 383 718 adr,
409 667 467 724 quo
494 651 645 724 Diogenes
674 649 879 724 Apolloniates
900 651 991 710 utitur
1022 654 1088 722 dec.

214 769 303 828 quem
326 769 444 810 sensum
466 751 574 810 hahere
596 758 763 824 potestant
784 769 868 827 quem
883 753 1005 813 formam
1018 751 1088 816 dett

215 848 236 886 55
249 851 318 908 dem
332 852 369 908 de
385 851 517 908 Platonis
539 850 737 913 inconstantia
759 853 877 926 longum
899 859 944 912 est
967 854 1089 926 diceres

217 949 266 1025 qui
293 949 325 1007 in
347 951 484 1018 Timaeo,
512 957 624 1024 partem
647 951 852 1025 hujusmundi
874 953 1019 1011 nominari
1040 969 1090 1011 ns·

214 1057 265 1126 get
293 1068 396 1125 posse:
418 1050 449 1108 iu
470 1053 566 1124 legum
590 1057 688 1112 sutem
710 1049 799 1119 libris,
820 1051 888 1126 quid
909 1049 948 1110 sit
968 1051 1088 1114 omnino

215 1151 297 1219 deus,
325 1150 438 1225 anquiri
467 1157 601 1224 oportere
626 1169 684 1210 non
711 1157 843 1208 censeat.
897 1151 983 1224 Quod
1018 1167 1090 1210 vero

214 1251 282 1310 sine
302 1268 423 1322 corpore
451 1252 511 1308 utto
537 1250 624 1308 deum
653 1252 716 1310 vutt
742 1267 817 1317 esse,
844 1255 876 1308 ut
910 1249 1021 1308 Graeci
1046 1249 1089 1309 di·

215 1355 297 1416 cunt,
317 1369 471 1424 nuperos
492 1350 521 1406 id
546 1351 631 1423 quate
660 1367 725 1409 esse
751 1347 999 1423 possitsinteuigt
1027 1365 1087 1406 non
1141 1413 1144 1418 ,

216 1454 321 1524 potest.
335 1457 433 1508 careat
454 1448 644 1516 enimenin,
659 1465 781 1506 necesse
796 1454 850 1516 est,
873 1453 972 1506 careat
996 1447 1087 1508 etism

217 1549 380 1625 prudentia,
398 1553 497 1607 cureat
512 1550 679 1623 voluptate:
699 1547 805 1622 ”quae
828 1546 927 1610 omniu
948 1564 1007 1604 uns
1020 1563 1088 1608 oum

214 1651 340 1710 deorum
363 1649 485 1708 notione
507 1647 789 1723 comprehendimus.
830 1649 915 1706 idem
938 1653 969 1706 et
989 1648 1020 1706 in
1035 1648 1090 1708 Ti·

217 1765 303 1808 maso
325 1748 409 1816 dicit,
422 1753 451 1805 et
464 1748 496 1806 iu
511 1748 635 1822 legibus,
649 1753 678 1806 et
701 1749 840 1806 mundum
862 1749 951 1806 deum
969 1766 1043 1816 esse,
1057 1751 1088 1807 et

211 1849 342 1913 coetum,
352 1851 382 1904 et
395 1853 482 1913 ostra,
496 1851 526 1903 et
540 1851 655 1912 terram,
678 1852 709 1903 et
723 1847 845 1914 animos,
865 1851 896 1904 et
908 1865 969 1916 eos,
988 1845 1009 1879 55
1017 1863 1087 1922 quos

217 1944 357 2016 maiorum
371 1944 513 2002 institutis
533 1945 718 2018 accepimus:
739 1962 813 2020 quoe
837 1949 868 2002 et
894 1963 1001 2018 perse
1021 1949 1089 2006 sunt

215 2042 290 2102 iulus
302 2043 464 2116 perspicue.
479 2048 509 2100 et
522 2043 600 2101 inter
611 2044 877 2104 sesevehementer
888 2045 1088 2120 repugnantis.

218 2144 319 2216 Atque
339 2142 429 2200 etiarn
455 2141 625 2215 Xenophon
648 2143 834 2216 paucioribus
858 2143 957 2202 verbis
983 2145 1089 2206 eadem

215 2241 277 2300 iere
291 2245 405 2314 peccat.
425 2240 497 2298 iacit
517 2241 598 2300 enim
626 2240 718 2309 iniis,
731 2259 838 2317 quaes
861 2243 983 2300 Socrate
1008 2242 1089 2302 dicto

217 2339 325 2407 retulit,
338 2340 490 2397 Socratem
502 2340 709 2414 disputantem,
720 2341 841 2400 sormam
855 2342 905 2400 dei
918 2341 1016 2417 quaeri
1031 2359 1091 2400 non

217 2444 366 2512 oportere:
387 2441 568 2514 eundemque
592 2446 623 2498 et
638 2443 739 2509 solem,
754 2447 785 2500 et
808 2440 938 2498 animum
952 2441 1037 2498 deum
1048 2439 1091 2498 di·

218 2553 304 2596 cere:
326 2542 356 2596 et
370 2540 457 2597 modo
479 2557 578 2607 unum,
599 2545 772 2598 tumentem
794 2544 891 2614 plures
914 2541 995 2597 deos.
1016 2555 1090 2614 quas

218 2641 285 2696 sunt
298 2638 403 2698 iisdem
417 2638 449 2696 iu
463 2639 565 2696 erratis
578 2639 647 2707 sere,
662 2639 765 2713 quibus
780 2657 825 2707 ea,
844 2638 865 2670 5*
875 2657 949 2715 quae
971 2640 1008 2696 de
1024 2640 1090 2696 Plu·

166 2733 208 2794 13
220 2742 287 2795 tone
301 2737 435 2795 dicimus.
476 2738 575 2812 Atque
589 2737 679 2796 etiam
701 2738 897 2798 Antisthenes
910 2738 942 2798 in
956 2756 993 2795 eo
1008 2739 1091 2805 libro,

217 2836 267 2913 qui
282 2838 419 2911 physicus
433 2835 609 2905 inscribitur,
623 2840 776 2911 populares
793 2839 864 2895 deos
879 2840 994 2904 multos,
1010 2842 1090 2894 uatu-

216 2939 309 2996 relem
329 2954 418 2994 unum
439 2955 503 2994 esse
517 2935 629 3005 diceus,
644 2937 722 2995 toltit
742 2937 814 3004 vim,
828 2940 858 2994 et
871 2941 1004 2995 naturam
1021 2937 1105 2998 deo·

247 3110 270 3144 ⁵⁵
283 3109 337 3158 Jom
345 3111 372 3156 ds
383 3109 503 3170 Plutonia]
535 3109 594 3156 Mss.
606 3109 720 3170 duo’spud
731 3110 848 3158 Davisium
859 3110 928 3168 Num,
938 3111 998 3172 quod
1015 3109 1056 3158 ille
1065 3115 1090 3164 et

217 3171 310 3231 recepit.
320 3170 351 3216 nii
361 3169 463 3216 interest.
473 3183 524 3214 nam
534 3168 614 3224 etjam
623 3169 751 3216 transitioni
760 3171 837 3218 servit.

247 3249 270 3284 55
284 3265 339 3310 parce
348 3247 422 3296 omnio
436 3262 484 3295 unu
503 3262 555 3294 eum
575 3248 677 3294 Deorum
694 3250 782 3296 notione
792 3250 884 3311 cusum]
901 3263 951 3296 eum
962 3264 1006 3296 non
1016 3249 1092 3309 piacet

215 3323 265 3417 xa
275 3310 362 3416 35²9er
367 3309 389 3354 iu
398 3307 441 3386 huo
458 3307 534 3368 phrasi
544 3309 604 3354 rotet
613 3308 705 3354 addere.
719 3315 766 3354 tum
776 3323 824 3356 uno
833 3308 942 3366 adjectivi
957 3307 1091 3370 rapiendum

248 3448 271 3516 {⁷
285 3463 338 3506 psus
347 3474 355 3482 -
364 3445 515 3508 -ocrrpimud
532 3445 590 3492 sorte
607 3447 761 3504 coeperimus.
774 3462 827 3496 mox
843 3462 886 3510 pro
900 3447 1050 3508 repugnantis
1060 3446 1092 3510 lc·

218 3519 287 3568 genui
295 3509 421 3564 pugrioutio
430 3511 523 3568 propter
532 3525 559 3556 ru
567 3507 628 3553 iuter
637 3521 665 3552 ιι.

213 3575 215 3580 ’
248 3587 592 3655 “mammosam
607 3591 1046 3655 mdmmutsuetusvidoptsoot
