2538 4188
257 341 322 402 410
508 335 554 388 bn
568 335 708 388 NATURA
724 337 867 389 bitonum

254 483 343 542 daut:
378 485 470 544 molta
492 485 618 546 oraculis
644 483 837 556 declarantur,
860 489 953 546 multa
980 489 1128 552 vaticina·

253 584 391 654 tionibus,
425 589 516 644 mulla
549 586 681 654 romniia,
704 589 795 644 multa
815 588 979 661 portentis:
996 650 1004 662 ,
1021 591 1128 665 quibua

251 685 389 760 cognitis,
401 683 537 744 'multae
552 703 640 760 saepe
654 703 699 742 rea
714 686 863 744 hominum
874 689 1022 746 sententia
1035 695 1125 765 atqua
1153 729 1156 736 =

252 783 379 842 utilitate
399 791 507 858 partae,
531 787 622 842 multa
642 784 732 842 etiam
752 785 882 859 pericula
902 787 1023 860 depulsa
1047 793 1123 847 aunt.

251 881 336 944 llaec
350 881 436 958 igitur
448 883 513 941 aive
527 883 582 952 via,
603 883 667 942 aive
687 902 742 953 ara,
767 883 832 941 rive
847 891 956 952 natura,
971 887 1009 946 ad
1027 887 1123 946 acien-

251 979 323 1040 liam
344 1001 436 1042 rerum
466 986 623 1042 futurarum
655 983 767 1040 homiui
793 985 923 1058 prolecto
948 990 1004 1052 eat,
1030 983 1123 1046 ”neo

249 1081 457 1157 alicuiquam
476 1083 533 1140 dila
547 1081 756 1141 immortalibus
775 1084 852 1142 data.
872 1099 947 1156 quae
959 1083 986 1140 ai
1006 1083 1123 1158 singula

248 1195 302 1236 voa
316 1180 389 1238 sorte
404 1198 461 1238 non
473 1187 607 1250 movent,
627 1181 764 1240 universa
784 1187 865 1239 certe
883 1186 983 1239 tamen
996 1165 1074 1240 iniec
1086 1201 1120 1242 aa

247 1295 382 1337 connexa
395 1285 481 1355 atque
494 1283 652 1357 conjuncta
668 1297 786 1338 movere
800 1281 957 1338 debebunt.

285 1377 353 1436 Nec
375 1395 446 1436 varo
471 1380 611 1437 univcrao
637 1379 737 1454 generi
760 1379 911 1436 hominum
936 1379 1036 1446 aulum,
1056 1381 1112 1438 aed

245 1475 333 1536 eliam
351 1477 504 1553 ringulica
523 1476 580 1535 diir
601 1478 811 1536 immortalibus
834 1473 957 1544 co'nauli,
969 1482 999 1535 et
1019 1479 1118 1551 provi·

244 1575 307 1633 deri
327 1577 411 1634 aolct.
474 1576 562 1636 Licet
586 1576 666 1635 enirn
688 1578 859 1634 contrahere
894 1575 1117 1636 universitatem

242 1674 359 1748 generis
374 1675 500 1746 humani,
521 1693 643 1753 eamque
662 1675 804 1750 gradatim
819 1676 857 1732 ad
876 1675 1037 1748 pauciores,
1052 1694 1116 1750 poa·

189 1783 230 1841 66
243 1775 335 1830 tremo
347 1773 492 1832 deducere
506 1777 543 1833 ad
556 1775 694 1851 cingulos.
732 1761 816 1831 'Nam
829 1773 854 1831 si
873 1774 1008 1831 omnibus
1023 1775 1113 1833 homi·

240 1869 335 1938 nibus,
349 1872 399 1946 qui
422 1874 527 1948 ubique
549 1880 626 1942 aunt,
650 1889 829 1949 quacumque
852 1873 884 1929 in
905 1889 956 1928 ora
980 1888 1015 1931 ao
1029 1879 1110 1946 parte

239 1971 387 2037 terrarum,
412 1973 450 2028 ab
474 1973 595 2047 hujusce
624 1978 727 2040 terrae,
755 1989 840 2047 quam
868 1988 920 2028 noa
948 1970 1112 2042 incolimus,

237 2066 458 2126 continuatione
482 2070 664 2137 distantium,
685 2072 755 2127 deca
779 2071 936 2140 ,consulere
957 2087 1111 2128 censemus

236 2167 275 2222 ob
288 2183 338 2224 ear
351 2183 464 2236 causas,
486 2185 556 2243 quaa
571 2173 640 2224 anta
654 2167 783 2225 diximus
795 2189 802 2224 ε
833 2168 879 2225 hia
892 2185 1001 2242 quoque
1014 2169 1110 2227 bomi-

235 2269 320 2328 nibus
334 2267 498 2335 consulunt,
519 2266 568 2341 qui
590 2267 642 2324 har
657 2266 808 2324 nobiscum
828 2272 917 2324 terras
940 2268 977 2324 ab
991 2267 1109 2326 oriente
1149 2275 1152 2282 '

234 2368 272 2426 ad
295 2366 482 2426 occidentem
504 2369 617 2426 colunt.
671 2366 724 2424 Sin
751 2371 849 2423 autem
873 2365 919 2422 bia
942 2368 1109 2436 consulunt,

234 2466 284 2542 qui
297 2467 380 2544 quari
393 2485 530 2544 magnam
549 2468 695 2542 quandam
716 2465 838 2523 insulam
861 2465 1003 2532 incolunt,
1021 2483 1108 2540 quam

233 2585 288 2634 nna
311 2569 411 2626 orbem
439 2573 531 2626 terrae
555 2583 711 2622 vocamus:
740 2565 830 2620 etiam
854 2563 913 2619 illia
938 2566 1106 2633 consulunt,

234 2668 284 2744 qui
309 2672 405 2740 parler
432 2666 494 2739 ejus
522 2664 636 2722 insulae
665 2667 776 2732 tenent,
804 2664 960 2735 Europam,
991 2663 1105 2733 Asiam,

232 2819 360 2880 habentque
370 2821 394 2865 et
403 2817 454 2865 edd.
467 2823 562 2875 vererer,
575 2821 600 2866 ul
608 2817 708 2868 Medici.
726 2818 778 2866 Aac.
797 2817 849 2865 Ald.
860 2819 904 2862 etc.
915 2815 999 2863 excidit
1009 2817 1032 2863 in
1048 2832 1104 2866 non-

207 2936 210 2941 Ι
229 2879 297 2926 nullia
307 2879 373 2938 culpa
382 2892 508 2940 operarum.

145 2993 151 3006 .
259 2957 280 2988 ⁸⁸
295 2959 379 3006 multoe
396 2971 457 3014 rucpc
478 2971 513 3002 rca
532 2955 649 3005 laminam
664 2954 780 3009 sententia,
797 2955 852 3016 etc]
877 2954 932 2999 haec
950 2967 1037 3000 aeneum
1057 2969 1105 3002 noa

229 3015 322 3072 babent,
334 3022 428 3077 euntque
436 3016 483 3062 cine
493 3015 561 3061 dubio
572 3015 659 3060 viliora.
671 3014 689 3062 ri
703 3013 815 3061 addideris
832 3027 859 3060 oc
868 3021 919 3073 port
928 3027 971 3072 raa,
982 3018 1007 3060 ut
1016 3013 1104 3074 placuit

228 3073 347 3130 lambino,
358 3090 433 3122 renarra
443 3075 570 3120 commodus
579 3075 630 3119 erit.

258 3153 280 3188 ⁸⁹
294 3168 335 3201 nec
344 3153 502 3213 alicuiquam
517 3153 539 3198 d.
556 3152 572 3196 ι’.
589 3151 657 3210 datu]
688 3151 752 3198 Haec
763 3150 833 3197 lectio
841 3155 876 3197 erl
889 3150 962 3198 aJac.
973 3149 1101 3208 Gronovio‚

226 3215 267 3262 aed
278 3227 291 3258 e
302 3214 358 3262 Mra.
371 3215 421 3259 edd.
434 3216 489 3257 vett.
508 3211 599 3264 habent,
616 3225 655 3256 racc
670 3211 697 3255 cb
714 3211 759 3256 aia'a
773 3210 855 3279 aliqrra,
873 3224 947 3269 quum,
963 3213 1006 3254 etc.
1018 3211 1056 3254 vei
1069 3211 1101 3257 ab

226 3272 359 3328 aliuulicrri,
369 3287 442 3332 quum.
453 3275 478 3317 ut
495 3275 518 3315 et
534 3269 601 3316 Mau·
612 3269 702 3314 babent.
734 3269 778 3322 Sed
795 3268 831 3312 hrc
847 3283 890 3313 nou
908 3265 1023 3327 quaeritur
1038 3269 1101 3314 unde

227 3331 295 3378 houro
305 3331 424 3389 acceperit,
435 3331 473 3376 red
484 3329 594 3375 huminem
605 3327 674 3374 colum
685 3327 802 3386 accepitne.
815 3326 890 3387 itaqua
900 3327 968 3372 credo
978 3326 1099 3384 legendum

226 3405 281 3445 care,
292 3403 332 3436 racc
352 3389 422 3436 alicui
439 3390 466 3434 ab
482 3387 503 3434 cl.
520 3389 537 3434 ι’.
553 3388 576 3434 d.
592 3397 667 3432 cetera
677 3401 747 3432 eruca
765 3385 930 3443 gloraatoribur,
940 3384 978 3445 qui
988 3399 1057 3444 caepe
1072 3384 1098 3430 in

225 3448 295 3494 verbo
304 3449 385 3507 aliquia
395 3449 494 3504 haerere,
506 3463 554 3494 curu
580 3461 605 3492 ro
615 3445 671 3492 aliur
680 3444 728 3505 quis
735 3444 853 3492 diceretur.
863 3443 1001 3503 alicuiquam
1011 3443 1097 3490 lartum

225 3505 314 3549 ridetur
323 3520 350 3550 er
359 3506 402 3551 ulii
411 3507 523 3565 cuiquam,
584 3507 624 3551 hoc
633 3517 719 3565 quoque
728 3519 772 3551 non
782 3508 816 3551 ert
826 3519 839 3550 e
848 3502 1005 3550 mnrueturltne
1014 3501 1095 3548 latina.

225 3561 259 3606 ila
270 3563 386 3608 commoda
396 3565 509 3609 sententia
527 3564 609 3616 exiatit,
620 3567 698 3623 eatque
706 3563 791 3610 dictum
807 3578 849 3626 pro
866 3577 909 3610 nec
923 3559 1000 3620 alicui,
1015 3559 1040 3608 id
1050 3564 1095 3622 ert,

223 3616 264 3664 alii
273 3617 368 3677 atridam,
378 3620 416 3665 vel
425 3619 536 3681 cuiquam.
549 3636 571 3668 u.
582 3621 659 3670 cteris
667 3622 691 3669 in
700 3622 789 3683 aliquis.
