3354 4234
669 389 917 440 mosnrnrnos.
1185 395 1228 458 fin

351 556 396 598 nte
416 537 482 598 hino
500 537 685 607 anemonen,
706 557 792 618 mqrse
812 533 962 618 quidenna
982 535 1036 596 mei
1055 535 1226 597 rotoma

352 647 548 707 ommonem,
571 638 659 707 crito,
683 638 771 697 sinte
792 639 904 718 assequi
919 637 1045 718 potueris
1068 643 1117 696 oret
1137 635 1228 696 siant

353 747 454 798 noctus
474 739 540 805 eris,
554 745 584 797 ot
597 738 651 798 ott
674 737 816 808 ridebitur,
836 739 955 820 sepelite.
976 735 1031 809 sert
1051 735 1121 796 mitri
1140 735 1226 808 erede,

351 858 430 899 nemo
455 857 499 896 me
527 849 745 908 nostrumnon
774 841 840 898 trtnc
869 857 1017 906 excessero,
1038 846 1223 914 consequetur.

351 937 506 997 Praestare
520 939 549 996 id
571 942 697 1016 quidem,
711 922 761 1016 qai
788 945 818 997 et
840 941 936 998 amico
955 939 1126 1013 permiserit,
1141 945 1171 994 et
1192 953 1225 998 aa

350 1040 510 1098 ostenderit
522 1043 558 1098 de
573 1042 629 1098 hoo
641 1049 703 1098 toto
716 1058 825 1116 genere
840 1040 913 1097 nihii
935 1041 1074 1096 laborare.
1117 1037 1225 1095 Durior

350 1137 512 1212 Diogenes,
531 1139 589 1196 ⁸⁹et
612 1141 641 1197 id
665 1140 781 1216 quidem
805 1139 946 1204 sentiens,
959 1139 1020 1205 sed,
1035 1143 1065 1194 ut
1080 1137 1224 1211 Cynicus,

349 1240 487 1310 senterius,
502 1239 605 1314 projici
619 1257 650 1296 se
658 1239 747 1311 jussit
761 1241 950 1297 inhumatum.
968 1243 1027 1295 tum
1050 1236 1147 1304 amici,
1162 1237 1223 1294 Vo-

347 1341 525 1406 luoribusne‚
539 1348 569 1396 et
584 1337 673 1398 teris?
694 1339 818 1397 Minime
836 1357 916 1406 vero,
930 1337 1041 1413 inquit:
1062 1340 1113 1396 sed
1133 1337 1223 1394 bacil-

347 1441 410 1506 lum
436 1445 551 1512 propter
565 1457 611 1494 me
625 1456 682 1512 quo
696 1438 821 1512 abigam·
835 1438 976 1511 ponitote.
1018 1437 1076 1509 Qui
1092 1431 1223 1510 poterit?

348 1537 403 1593 itti.
429 1535 598 1592 nonenim
625 1536 744 1591 senties.
772 1536 863 1605 'Quid
884 1535 972 1608 igitur
1001 1535 1072 1592 mihi
1100 1535 1223 1592 terarum

349 1631 479 1692 laniatus
492 1633 596 1700 oberit,
610 1632 683 1689 nihii
703 1631 869 1689 sentienti?
891 1633 1043 1690 Praeclare
1066 1634 1224 1706 Anaxago·

350 1750 419 1792 ras:
453 1731 502 1808 qui
534 1748 601 1789 cum
636 1730 794 1802 Lampsaci
825 1737 991 1797 moreretur,
1018 1731 1224 1804 quaerentibus

348 1831 463 1899 amicis,
477 1833 608 1888 velletne
629 1831 821 1888 Clammenas
843 1829 875 1888 in
898 1829 1031 1904 patriam,
1054 1829 1080 1888 si
1102 1829 1170 1905 quid
1193 1827 1222 1888 et

347 1930 516 1999 accidisset,
529 1928 642 1988 afferri:
665 1929 738 1987 nihit
753 1946 874 1988 neeesse
894 1936 949 1998 est,
974 1929 1078 2005 inquit
1092 1931 1221 2005 undique

347 2031 429 2090 enim
456 2032 494 2088 ad
514 2029 621 2088 interos
642 2032 813 2088 tantundem
841 2029 909 2087 viae
930 2035 983 2087 est.
1026 2031 1161 2102 Totaque
1181 2031 1221 2090 de
1286 2101 1289 2108 ‚

346 2129 461 2189 ratione
482 2127 659 2189 humationis
674 2147 762 2188 unum
788 2130 945 2189 tenendum
967 2134 1030 2188 ests
1051 2130 1089 2187 ad
1116 2147 1221 2204 corpus

347 2230 429 2289 illam
444 2230 598 2304 pertinere,
622 2229 687 2286 sive
708 2230 849 2287 occiderit
873 2231 997 2298 animus,
1021 2230 1086 2287 sive
1111 2229 1218 2305 vigent.

347 2329 508 2404 incorpore
522 2334 621 2386 autem
634 2330 818 2402 perspicuum
829 2333 884 2395 est,
899 2332 946 2387 vet
959 2329 1108 2387 exstincto
1122 2329 1220 2386 animo

348 2431 399 2490 vel
421 2431 530 2500 elapso,
544 2429 656 2485 nulium
677 2428 802 2485 residere
821 2445 947 2486 sensum.
990 2429 1049 2488 Sed
1071 2429 1157 2504 piena
1177 2446 1219 2486 er·
1231 2417 1274 2478 44

346 2545 443 2586 rorum
456 2533 523 2584 sunt
544 2527 652 2584 omnia.
677 2527 765 2585 trabit
787 2529 955 2596 Hectorem,
969 2531 1006 2586 ad
1020 2547 1134 2587 currum
1155 2528 1221 2585 reti·

347 2634 457 2704 gotum,
480 2627 631 2684 Achilles:
653 2627 774 2684 lacerari
786 2645 862 2696 eum,
876 2632 906 2686 et
925 2627 1043 2695 sentire,
1057 2629 1155 2693 credo,
1169 2635 1236 2700 pu·'

346 2731 399 2784 tat.
415 2743 483 2800 ergo
498 2726 546 2783 hio
560 2725 720 2790 ulciscitur,
735 2728 893 2801 etquidem
907 2727 964 2785 sibi
979 2726 1104 2786 videtur.
1143 2723 1165 2757 '⁹
1175 2727 1219 2786 At

346 2823 399 2884 ttts
413 2825 488 2883 sieut
502 2824 719 2884 acerbissimam
735 2841 794 2882 rem
813 2831 940 2884 maeret:

540 2978 604 3034 vidi,
615 2977 691 3026 videre
700 2978 760 3040 quod
775 2993 811 3026 me
820 2993 885 3042 passa
894 2978 1026 3040 negarine,

538 3059 662 3108 Hectorem
677 3057 808 3120 quadriiugo
817 3073 882 3107 ωτι-ιι
892 3058 1011 3122 raptarier.

346 3217 432 3278 quem
467 3195 649 3258 Hectorem?
679 3189 741 3258 aut'
755 3201 892 3276 quamdin
912 3202 964 3260 itte
996 3201 1052 3259 erit
1083 3201 1219 3262 Hectori

345 3299 449 3360 metius
465 3299 577 3360 Accius
591 3306 622 3358 et
635 3300 791 3376 aliquando
814 3301 932 3376 sapiens
956 3301 1114 3360 Achilles:
1134 3297 1218 3358 irem

411 3458 432 3500 θ’
441 3454 562 3514 ffltfflm
571 3455 684 3516 mim]
716 3455 844 3512 legendnm
856 3455 944 3504 stittern
953 3455 1057 3514 tannem,
1067 3469 1118 3504 nam
1126 3459 1150 3504 et
1159 3454 1219 3504 tta

347 3513 438 3575 quedem
446 3513 540 3562 aaron
550 3513 626 3561 drrrim
636 3513 671 3560 sit.
683 3513 730 3562 Me.
742 3513 818 3567 Guelt.
828 3513 969 3576 stantiam
978 3529 996 3563 t.

376 3591 398 3624 ⁰⁰
413 3591 514 3653 Mitte]
545 3591 639 3640 Hecuba
648 3608 677 3639 se.
688 3607 711 3638 v.
731 3591 791 3640 Hom
811 3593 840 3640 ΙΙ.
854 3593 884 3650 X,
895 3596 945 3641 ⁴⁰6.
956 3608 974 3641 r.
986 3599 1010 3642 et
1028 3596 1086 3643 torte
1101 3594 1124 3642 id
1139 3609 1219 3644 nomen

343 3649 499 3760 magns
509 3671 515 3698 r
530 3651 591 3714 qood
600 3656 676 3700 maen
687 3651 834 3702 monrium
842 3666 887 3702 oon
903 3657 966 3716 puto,
976 3669 1028 3704 mm
1037 3657 1065 3703 ss
1074 3669 1100 3703 rs
1115 3653 1221 3716 mtelttrt·
