<?xml version="1.0" encoding="UTF-8"?>
<!DOCTYPE html PUBLIC "-//W3C//DTD XHTML 1.0 Transitional//EN"
    "http://www.w3.org/TR/xhtml1/DTD/xhtml1-transitional.dtd">
<html xmlns="http://www.w3.org/1999/xhtml" xml:lang="en" lang="en">
 <head>
  <title>
</title>
<meta http-equiv="Content-Type" content="text/html;charset=utf-8" />
  <meta name='ocr-system' content='tesseract 3.04.00' />
  <meta name='ocr-capabilities' content='ocr_page ocr_carea ocr_par ocr_line ocrx_word'/>
</head>
<body>
  <div class='ocr_page' id='page_1' title='image "./mtvlliiciceroni11cicegoog/mtvlliiciceroni11cicegoog_0231.png"; bbox 0 0 2548 4208; ppageno 0'>
   <div class='ocr_carea' id='block_1_1' title="bbox 225 289 906 362">
    <p class='ocr_par' dir='ltr' id='par_1_1' title="bbox 225 289 906 362">
     <span class='ocr_line' id='line_1_1' title="bbox 225 289 906 362; baseline 0.003 -24"><span class='ocrx_word' id='word_1_1' title='bbox 225 297 291 358; x_wconf 74' lang='lat' dir='ltr'><strong><em>m</em></strong></span> <span class='ocrx_word' id='word_1_2' title='bbox 457 289 592 338; x_wconf 72' lang='lat' dir='ltr'><strong>rursus</strong></span> <span class='ocrx_word' id='word_1_3' title='bbox 608 289 852 343; x_wconf 66' lang='lat' dir='ltr'><strong>oussnrorrm</strong></span> <span class='ocrx_word' id='word_1_4' title='bbox 896 339 906 362; x_wconf 73' lang='grc'><em>,</em></span> 
     </span>
    </p>
   </div>
   <div class='ocr_carea' id='block_1_2' title="bbox 225 439 1100 1102">
    <p class='ocr_par' dir='ltr' id='par_1_2' title="bbox 225 439 1100 1102">
     <span class='ocr_line' id='line_1_2' title="bbox 225 439 1100 514; baseline 0.005 -16"><span class='ocrx_word' id='word_1_5' title='bbox 225 441 305 498; x_wconf 86' lang='lat' dir='ltr'><strong>idem</strong></span> <span class='ocrx_word' id='word_1_6' title='bbox 320 441 431 500; x_wconf 77' lang='lat' dir='ltr'><strong>velent.</strong></span> <span class='ocrx_word' id='word_1_7' title='bbox 473 440 594 498; x_wconf 84' lang='lat' dir='ltr'><strong>Possum</strong></span> <span class='ocrx_word' id='word_1_8' title='bbox 608 443 705 514; x_wconf 83' lang='lat' dir='ltr'><strong>igitur,</strong></span> <span class='ocrx_word' id='word_1_9' title='bbox 715 440 764 498; x_wconf 85' lang='lat' dir='ltr'><strong>rui</strong></span> <span class='ocrx_word' id='word_1_10' title='bbox 776 439 983 507; x_wconf 72' lang='lat' dir='ltr'><strong>concesserim,</strong></span> <span class='ocrx_word' id='word_1_11' title='bbox 995 439 1026 498; x_wconf 93' lang='lat' dir='ltr'><strong>in</strong></span> <span class='ocrx_word' id='word_1_12' title='bbox 1040 457 1100 502; x_wconf 73' lang='lat' dir='ltr'><strong>m·</strong></span> 
     </span>
     <span class='ocr_line' id='line_1_3' title="bbox 226 539 1099 614; baseline 0.001 -17"><span class='ocrx_word' id='word_1_13' title='bbox 226 539 263 597; x_wconf 89' lang='lat' dir='ltr'><strong>lis</strong></span> <span class='ocrx_word' id='word_1_14' title='bbox 277 557 340 596; x_wconf 85' lang='lat' dir='ltr'><strong>esse</strong></span> <span class='ocrx_word' id='word_1_15' title='bbox 354 541 468 597; x_wconf 87' lang='lat' dir='ltr'><strong>dolores</strong></span> <span class='ocrx_word' id='word_1_16' title='bbox 490 541 628 612; x_wconf 80' lang='lat' dir='ltr'><strong>eorporis,</strong></span> <span class='ocrx_word' id='word_1_17' title='bbox 643 541 673 598; x_wconf 91' lang='lat' dir='ltr'><strong>iu</strong></span> <span class='ocrx_word' id='word_1_18' title='bbox 689 540 773 596; x_wconf 79' lang='lat' dir='ltr'><strong>malis</strong></span> <span class='ocrx_word' id='word_1_19' title='bbox 795 539 943 614; x_wconf 76' lang='lat' dir='ltr'><strong>naufragia</strong></span> <span class='ocrx_word' id='word_1_20' title='bbox 956 540 1099 609; x_wconf 73' lang='lat' dir='ltr'><strong>funusne,</strong></span> 
     </span>
     <span class='ocr_line' id='line_1_4' title="bbox 227 637 1099 704; baseline 0.001 -8"><span class='ocrx_word' id='word_1_21' title='bbox 227 637 296 696; x_wconf 86' lang='lat' dir='ltr'><strong>huie</strong></span> <span class='ocrx_word' id='word_1_22' title='bbox 310 657 484 696; x_wconf 85' lang='lat' dir='ltr'><strong>succensere</strong></span> <span class='ocrx_word' id='word_1_23' title='bbox 498 639 620 704; x_wconf 77' lang='lat' dir='ltr'><strong>dicenti,</strong></span> <span class='ocrx_word' id='word_1_24' title='bbox 646 657 703 695; x_wconf 89' lang='lat' dir='ltr'><strong>non</strong></span> <span class='ocrx_word' id='word_1_25' title='bbox 718 655 821 695; x_wconf 83' lang='lat' dir='ltr'><strong>omnes</strong></span> <span class='ocrx_word' id='word_1_26' title='bbox 834 641 926 695; x_wconf 85' lang='lat' dir='ltr'><strong>honos</strong></span> <span class='ocrx_word' id='word_1_27' title='bbox 943 657 1009 695; x_wconf 87' lang='lat' dir='ltr'><strong>esse</strong></span> <span class='ocrx_word' id='word_1_28' title='bbox 1033 642 1099 697; x_wconf 89' lang='lat' dir='ltr'><strong>bes·</strong></span> 
     </span>
     <span class='ocr_line' id='line_1_5' title="bbox 228 736 1100 811; baseline 0.001 -16"><span class='ocrx_word' id='word_1_29' title='bbox 228 741 362 800; x_wconf 74' lang='lat' dir='ltr'><strong>luseum</strong></span> <span class='ocrx_word' id='word_1_30' title='bbox 375 739 405 794; x_wconf 90' lang='lat' dir='ltr'><strong>in</strong></span> <span class='ocrx_word' id='word_1_31' title='bbox 424 755 527 794; x_wconf 82' lang='lat' dir='ltr'><strong>omnes</strong></span> <span class='ocrx_word' id='word_1_32' title='bbox 541 740 634 794; x_wconf 89' lang='lat' dir='ltr'><strong>honos</strong></span> <span class='ocrx_word' id='word_1_33' title='bbox 646 756 692 802; x_wconf 86' lang='lat' dir='ltr'><strong>es,</strong></span> <span class='ocrx_word' id='word_1_34' title='bbox 703 754 776 811; x_wconf 85' lang='lat' dir='ltr'><strong>quse</strong></span> <span class='ocrx_word' id='word_1_35' title='bbox 791 736 843 794; x_wconf 89' lang='lat' dir='ltr'><strong>ille</strong></span> <span class='ocrx_word' id='word_1_36' title='bbox 857 737 887 792; x_wconf 91' lang='lat' dir='ltr'><strong>in</strong></span> <span class='ocrx_word' id='word_1_37' title='bbox 902 739 987 794; x_wconf 81' lang='lat' dir='ltr'><strong>melis</strong></span> <span class='ocrx_word' id='word_1_38' title='bbox 1002 755 1100 796; x_wconf 86' lang='lat' dir='ltr'><strong>nume·</strong></span> 
     </span>
     <span class='ocr_line' id='line_1_6' title="bbox 228 835 1100 909; baseline 0 -15"><span class='ocrx_word' id='word_1_39' title='bbox 228 843 282 902; x_wconf 76' lang='lat' dir='ltr'><strong>rat,</strong></span> <span class='ocrx_word' id='word_1_40' title='bbox 296 839 401 895; x_wconf 80' lang='lat' dir='ltr'><strong>endere</strong></span> <span class='ocrx_word' id='word_1_41' title='bbox 417 835 555 909; x_wconf 83' lang='lat' dir='ltr'><strong>possint?</strong></span> <span class='ocrx_word' id='word_1_42' title='bbox 596 837 731 892; x_wconf 78' lang='lat' dir='ltr'><strong>vexatur</strong></span> <span class='ocrx_word' id='word_1_43' title='bbox 741 836 819 892; x_wconf 77' lang='lat' dir='ltr'><strong>inem</strong></span> <span class='ocrx_word' id='word_1_44' title='bbox 832 835 1054 909; x_wconf 69' lang='lat' dir='ltr'><strong>Theophrastus</strong></span> <span class='ocrx_word' id='word_1_45' title='bbox 1068 841 1100 894; x_wconf 78' lang='lat' dir='ltr'><strong>ei</strong></span> 
     </span>
     <span class='ocr_line' id='line_1_7' title="bbox 226 933 1099 1011; baseline 0.002 -18"><span class='ocrx_word' id='word_1_46' title='bbox 226 936 308 994; x_wconf 91' lang='lat' dir='ltr'><strong>libris</strong></span> <span class='ocrx_word' id='word_1_47' title='bbox 330 943 359 992; x_wconf 84' lang='lat' dir='ltr'><strong>et</strong></span> <span class='ocrx_word' id='word_1_48' title='bbox 384 937 493 992; x_wconf 79' lang='lat' dir='ltr'><strong>scholis</strong></span> <span class='ocrx_word' id='word_1_49' title='bbox 516 934 646 992; x_wconf 87' lang='lat' dir='ltr'><strong>omniurn</strong></span> <span class='ocrx_word' id='word_1_50' title='bbox 669 934 913 1006; x_wconf 86' lang='lat' dir='ltr'><strong>philosophorum,</strong></span> <span class='ocrx_word' id='word_1_51' title='bbox 940 935 1018 1011; x_wconf 80' lang='lat' dir='ltr'><strong>quod</strong></span> <span class='ocrx_word' id='word_1_52' title='bbox 1034 933 1099 994; x_wconf 78' lang='lat' dir='ltr'><strong>’iu</strong></span> 
     </span>
     <span class='ocr_line' id='line_1_8' title="bbox 228 1017 994 1102; baseline -0.005 -9"><span class='ocrx_word' id='word_1_53' title='bbox 228 1035 411 1094; x_wconf 76' lang='lat' dir='ltr'><strong>Callisthene</strong></span> <span class='ocrx_word' id='word_1_54' title='bbox 423 1053 476 1092; x_wconf 91' lang='lat' dir='ltr'><strong>suo</strong></span> <span class='ocrx_word' id='word_1_55' title='bbox 488 1035 611 1092; x_wconf 81' lang='lat' dir='ltr'><strong>laudarit</strong></span> <span class='ocrx_word' id='word_1_56' title='bbox 623 1035 704 1091; x_wconf 81' lang='lat' dir='ltr'><strong>illam</strong></span> <span class='ocrx_word' id='word_1_57' title='bbox 714 1032 902 1102; x_wconf 74' lang='lat' dir='ltr'><strong>senteutiam,</strong></span> <span class='ocrx_word' id='word_1_58' title='bbox 990 1017 994 1024; x_wconf 68' lang='grc'><strong>’</strong></span> 
     </span>
    </p>
   </div>
   <div class='ocr_carea' id='block_1_3' title="bbox 433 1185 883 1249">
    <p class='ocr_par' dir='ltr' id='par_1_3' title="bbox 433 1185 883 1249">
     <span class='ocr_line' id='line_1_9' title="bbox 433 1185 883 1249; baseline 0 -13"><span class='ocrx_word' id='word_1_59' title='bbox 433 1187 512 1236; x_wconf 70' lang='grc' dir='ltr'><strong>Ἧῑιω</strong></span> <span class='ocrx_word' id='word_1_60' title='bbox 526 1187 584 1248; x_wconf 64' lang='lat' dir='ltr'><strong>regit</strong></span> <span class='ocrx_word' id='word_1_61' title='bbox 597 1187 750 1244; x_wconf 68' lang='lat' dir='ltr'><strong>{orimum</strong></span> <span class='ocrx_word' id='word_1_62' title='bbox 764 1185 883 1249; x_wconf 74' lang='lat' dir='ltr'><strong>sepientis.</strong></span> 
     </span>
    </p>
   </div>
   <div class='ocr_carea' id='block_1_4' title="bbox 218 1327 1102 3181">
    <p class='ocr_par' dir='ltr' id='par_1_4' title="bbox 218 1327 1102 3181">
     <span class='ocr_line' id='line_1_10' title="bbox 228 1327 1098 1402; baseline 0.002 -16"><span class='ocrx_word' id='word_1_63' title='bbox 228 1329 349 1402; x_wconf 79' lang='lat' dir='ltr'><strong>Negent</strong></span> <span class='ocrx_word' id='word_1_64' title='bbox 371 1329 409 1386; x_wconf 83' lang='lat' dir='ltr'><strong>sb</strong></span> <span class='ocrx_word' id='word_1_65' title='bbox 433 1329 494 1385; x_wconf 87' lang='lat' dir='ltr'><strong>ullo</strong></span> <span class='ocrx_word' id='word_1_66' title='bbox 513 1328 687 1400; x_wconf 89' lang='lat' dir='ltr'><strong>philosopho</strong></span> <span class='ocrx_word' id='word_1_67' title='bbox 712 1327 869 1402; x_wconf 76' lang='lat' dir='ltr'><strong>quidquam</strong></span> <span class='ocrx_word' id='word_1_68' title='bbox 894 1327 1005 1386; x_wconf 82' lang='lat' dir='ltr'><strong>dictum</strong></span> <span class='ocrx_word' id='word_1_69' title='bbox 1032 1343 1098 1388; x_wconf 84' lang='lat' dir='ltr'><strong>esse</strong></span> 
     </span>
     <span class='ocr_line' id='line_1_11' title="bbox 226 1411 1099 1502; baseline -0.001 -15"><span class='ocrx_word' id='word_1_70' title='bbox 226 1427 400 1502; x_wconf 77' lang='lat' dir='ltr'><strong>languidius.</strong></span> <span class='ocrx_word' id='word_1_71' title='bbox 415 1432 494 1484; x_wconf 84' lang='lat' dir='ltr'><strong>reete</strong></span> <span class='ocrx_word' id='word_1_72' title='bbox 508 1411 537 1484; x_wconf 72' lang='lat' dir='ltr'><strong>iil</strong></span> <span class='ocrx_word' id='word_1_73' title='bbox 557 1426 691 1500; x_wconf 80' lang='lat' dir='ltr'><strong>quidem:</strong></span> <span class='ocrx_word' id='word_1_74' title='bbox 712 1427 764 1484; x_wconf 87' lang='lat' dir='ltr'><strong>sed</strong></span> <span class='ocrx_word' id='word_1_75' title='bbox 783 1427 857 1486; x_wconf 84' lang='lat' dir='ltr'><strong>nihil</strong></span> <span class='ocrx_word' id='word_1_76' title='bbox 881 1427 1016 1502; x_wconf 81' lang='lat' dir='ltr'><strong>intelligo</strong></span> <span class='ocrx_word' id='word_1_77' title='bbox 1036 1426 1099 1486; x_wconf 84' lang='lat' dir='ltr'><strong>diei</strong></span> 
     </span>
     <span class='ocr_line' id='line_1_12' title="bbox 224 1525 1099 1601; baseline 0.002 -17"><span class='ocrx_word' id='word_1_78' title='bbox 224 1527 353 1601; x_wconf 86' lang='lat' dir='ltr'><strong>potuisse</strong></span> <span class='ocrx_word' id='word_1_79' title='bbox 377 1525 567 1584; x_wconf 74' lang='lat' dir='ltr'><strong>constantius.</strong></span> <span class='ocrx_word' id='word_1_80' title='bbox 614 1525 647 1582; x_wconf 89' lang='lat' dir='ltr'><strong>Si</strong></span> <span class='ocrx_word' id='word_1_81' title='bbox 675 1525 755 1584; x_wconf 84' lang='lat' dir='ltr'><strong>enim</strong></span> <span class='ocrx_word' id='word_1_82' title='bbox 779 1532 821 1583; x_wconf 92' lang='lat' dir='ltr'><strong>tot</strong></span> <span class='ocrx_word' id='word_1_83' title='bbox 845 1533 911 1584; x_wconf 83' lang='lat' dir='ltr'><strong>suut</strong></span> <span class='ocrx_word' id='word_1_84' title='bbox 925 1525 957 1583; x_wconf 93' lang='lat' dir='ltr'><strong>in</strong></span> <span class='ocrx_word' id='word_1_85' title='bbox 977 1543 1099 1600; x_wconf 72' lang='lat' dir='ltr'><strong>consors</strong></span> 
     </span>
     <span class='ocr_line' id='line_1_13' title="bbox 226 1625 1098 1699; baseline -0.001 -14"><span class='ocrx_word' id='word_1_86' title='bbox 226 1627 312 1692; x_wconf 80' lang='lat' dir='ltr'><strong>bons,</strong></span> <span class='ocrx_word' id='word_1_87' title='bbox 327 1632 369 1684; x_wconf 79' lang='lat' dir='ltr'><strong>tot</strong></span> <span class='ocrx_word' id='word_1_88' title='bbox 388 1631 472 1683; x_wconf 79' lang='lat' dir='ltr'><strong>extre</strong></span> <span class='ocrx_word' id='word_1_89' title='bbox 485 1642 589 1698; x_wconf 83' lang='lat' dir='ltr'><strong>eorpus</strong></span> <span class='ocrx_word' id='word_1_90' title='bbox 610 1625 641 1682; x_wconf 91' lang='lat' dir='ltr'><strong>in</strong></span> <span class='ocrx_word' id='word_1_91' title='bbox 656 1642 725 1683; x_wconf 84' lang='lat' dir='ltr'><strong>cusu</strong></span> <span class='ocrx_word' id='word_1_92' title='bbox 740 1631 825 1699; x_wconf 82' lang='lat' dir='ltr'><strong>etque</strong></span> <span class='ocrx_word' id='word_1_93' title='bbox 845 1627 978 1684; x_wconf 77' lang='lat' dir='ltr'><strong>fortuna:</strong></span> <span class='ocrx_word' id='word_1_94' title='bbox 999 1643 1098 1684; x_wconf 82' lang='lat' dir='ltr'><strong>nonne</strong></span> 
     </span>
     <span class='ocr_line' id='line_1_14' title="bbox 226 1724 1098 1799; baseline -0.001 -15"><span class='ocrx_word' id='word_1_95' title='bbox 226 1731 454 1784; x_wconf 78' lang='lat' dir='ltr'><strong>uomeutsneunr</strong></span> <span class='ocrx_word' id='word_1_96' title='bbox 465 1728 519 1793; x_wconf 83' lang='lat' dir='ltr'><strong>est,</strong></span> <span class='ocrx_word' id='word_1_97' title='bbox 534 1725 597 1797; x_wconf 90' lang='lat' dir='ltr'><strong>plus</strong></span> <span class='ocrx_word' id='word_1_98' title='bbox 618 1724 771 1783; x_wconf 79' lang='lat' dir='ltr'><strong>lortunrm.</strong></span> <span class='ocrx_word' id='word_1_99' title='bbox 785 1743 859 1799; x_wconf 84' lang='lat' dir='ltr'><strong>quse</strong></span> <span class='ocrx_word' id='word_1_100' title='bbox 873 1725 1098 1784; x_wconf 79' lang='lat' dir='ltr'><strong>dominaremur</strong></span> 
     </span>
     <span class='ocr_line' id='line_1_15' title="bbox 226 1824 1098 1898; baseline 0.001 -18"><span class='ocrx_word' id='word_1_101' title='bbox 226 1825 264 1881; x_wconf 82' lang='lat' dir='ltr'><strong>sit</strong></span> <span class='ocrx_word' id='word_1_102' title='bbox 285 1830 515 1882; x_wconf 82' lang='lat' dir='ltr'><strong>etexternsrum</strong></span> <span class='ocrx_word' id='word_1_103' title='bbox 539 1830 570 1880; x_wconf 85' lang='lat' dir='ltr'><strong>et</strong></span> <span class='ocrx_word' id='word_1_104' title='bbox 589 1825 625 1880; x_wconf 84' lang='lat' dir='ltr'><strong>sd</strong></span> <span class='ocrx_word' id='word_1_105' title='bbox 650 1841 754 1894; x_wconf 75' lang='lat' dir='ltr'><strong>eonius</strong></span> <span class='ocrx_word' id='word_1_106' title='bbox 779 1824 996 1896; x_wconf 81' lang='lat' dir='ltr'><strong>pertinentium,</strong></span> <span class='ocrx_word' id='word_1_107' title='bbox 1011 1841 1098 1898; x_wconf 84' lang='lat' dir='ltr'><strong>quam</strong></span> 
     </span>
     <span class='ocr_line' id='line_1_16' title="bbox 226 1918 1098 1994; baseline 0.002 -14"><span class='ocrx_word' id='word_1_108' title='bbox 226 1922 392 1984; x_wconf 81' lang='lat' dir='ltr'><strong>eonsilium,</strong></span> <span class='ocrx_word' id='word_1_109' title='bbox 404 1918 526 1980; x_wconf 81' lang='lat' dir='ltr'><strong>velere?</strong></span> <span class='ocrx_word' id='word_1_110' title='bbox 568 1923 618 1981; x_wconf 83' lang='lat' dir='ltr'><strong>An</strong></span> <span class='ocrx_word' id='word_1_111' title='bbox 631 1925 771 1980; x_wconf 70' lang='lat' dir='ltr'><strong>mulsimus</strong></span> <span class='ocrx_word' id='word_1_112' title='bbox 794 1923 951 1994; x_wconf 79' lang='lat' dir='ltr'><strong>Epicurum</strong></span> <span class='ocrx_word' id='word_1_113' title='bbox 967 1919 1098 1982; x_wconf 78' lang='lat' dir='ltr'><strong>imitari?</strong></span> 
     </span>
     <span class='ocr_line' id='line_1_17' title="bbox 226 2019 1098 2097; baseline 0.002 -19"><span class='ocrx_word' id='word_1_114' title='bbox 226 2021 276 2097; x_wconf 88' lang='lat' dir='ltr'><strong>qui</strong></span> <span class='ocrx_word' id='word_1_115' title='bbox 300 2021 390 2076; x_wconf 83' lang='lat' dir='ltr'><strong>mults</strong></span> <span class='ocrx_word' id='word_1_116' title='bbox 413 2023 560 2092; x_wconf 70' lang='lat' dir='ltr'><strong>pimeulnre</strong></span> <span class='ocrx_word' id='word_1_117' title='bbox 584 2039 672 2094; x_wconf 79' lang='lat' dir='ltr'><strong>saepe</strong></span> <span class='ocrx_word' id='word_1_118' title='bbox 697 2021 786 2079; x_wconf 82' lang='lat' dir='ltr'><strong>dicit:</strong></span> <span class='ocrx_word' id='word_1_119' title='bbox 807 2019 921 2096; x_wconf 65' lang='lat' dir='ltr'><strong>³⁹quum</strong></span> <span class='ocrx_word' id='word_1_120' title='bbox 941 2022 1020 2078; x_wconf 87' lang='lat' dir='ltr'><strong>enim</strong></span> <span class='ocrx_word' id='word_1_121' title='bbox 1041 2021 1098 2082; x_wconf 86' lang='lat' dir='ltr'><strong>sihi</strong></span> 
     </span>
     <span class='ocr_line' id='line_1_18' title="bbox 224 2119 1102 2194; baseline -0.005 -16"><span class='ocrx_word' id='word_1_122' title='bbox 224 2125 396 2178; x_wconf 85' lang='lat' dir='ltr'><strong>nonstnntsr</strong></span> <span class='ocrx_word' id='word_1_123' title='bbox 406 2119 674 2194; x_wconf 81' lang='lat' dir='ltr'><strong>eonvenienterque</strong></span> <span class='ocrx_word' id='word_1_124' title='bbox 688 2121 845 2188; x_wconf 61' lang='lat' dir='ltr'><strong>nicaenos</strong></span> <span class='ocrx_word' id='word_1_125' title='bbox 861 2124 982 2179; x_wconf 77' lang='lat' dir='ltr'><strong>laborat.</strong></span> <span class='ocrx_word' id='word_1_126' title='bbox 1022 2121 1102 2180; x_wconf 61' lang='lat' dir='ltr'><strong>Lau-</strong></span> 
     </span>
     <span class='ocr_line' id='line_1_19' title="bbox 226 2217 1099 2294; baseline 0.001 -18"><span class='ocrx_word' id='word_1_127' title='bbox 226 2220 275 2276; x_wconf 84' lang='lat' dir='ltr'><strong>dot</strong></span> <span class='ocrx_word' id='word_1_128' title='bbox 298 2225 416 2276; x_wconf 87' lang='lat' dir='ltr'><strong>tenuem</strong></span> <span class='ocrx_word' id='word_1_129' title='bbox 432 2217 550 2276; x_wconf 84' lang='lat' dir='ltr'><strong>vietum.</strong></span> <span class='ocrx_word' id='word_1_130' title='bbox 596 2219 765 2292; x_wconf 79' lang='lat' dir='ltr'><strong>Philosophi</strong></span> <span class='ocrx_word' id='word_1_131' title='bbox 788 2219 817 2275; x_wconf 85' lang='lat' dir='ltr'><strong>id</strong></span> <span class='ocrx_word' id='word_1_132' title='bbox 843 2217 975 2294; x_wconf 84' lang='lat' dir='ltr'><strong>quides&#39;u:</strong></span> <span class='ocrx_word' id='word_1_133' title='bbox 995 2221 1046 2277; x_wconf 87' lang='lat' dir='ltr'><strong>sed</strong></span> <span class='ocrx_word' id='word_1_134' title='bbox 1071 2219 1099 2284; x_wconf 85' lang='lat' dir='ltr'><strong>sl</strong></span> 
     </span>
     <span class='ocr_line' id='line_1_20' title="bbox 227 2317 1099 2394; baseline 0.002 -18"><span class='ocrx_word' id='word_1_135' title='bbox 227 2319 373 2381; x_wconf 78' lang='lat' dir='ltr'><strong>Sourutes,</strong></span> <span class='ocrx_word' id='word_1_136' title='bbox 387 2323 435 2374; x_wconf 85' lang='lat' dir='ltr'><strong>sut</strong></span> <span class='ocrx_word' id='word_1_137' title='bbox 453 2317 646 2376; x_wconf 74' lang='lat' dir='ltr'><strong>Antisthenes</strong></span> <span class='ocrx_word' id='word_1_138' title='bbox 666 2318 788 2384; x_wconf 80' lang='lat' dir='ltr'><strong>diceret,</strong></span> <span class='ocrx_word' id='word_1_139' title='bbox 801 2335 861 2375; x_wconf 87' lang='lat' dir='ltr'><strong>uon</strong></span> <span class='ocrx_word' id='word_1_140' title='bbox 881 2319 917 2386; x_wconf 87' lang='lat' dir='ltr'><strong>is,</strong></span> <span class='ocrx_word' id='word_1_141' title='bbox 940 2318 989 2394; x_wconf 89' lang='lat' dir='ltr'><strong>qui</strong></span> <span class='ocrx_word' id='word_1_142' title='bbox 1010 2319 1099 2378; x_wconf 86' lang='lat' dir='ltr'><strong>linem</strong></span> 
     </span>
     <span class='ocr_line' id='line_1_21' title="bbox 228 2415 1099 2492; baseline 0.006 -22"><span class='ocrx_word' id='word_1_143' title='bbox 228 2415 369 2472; x_wconf 87' lang='lat' dir='ltr'><strong>bonorum</strong></span> <span class='ocrx_word' id='word_1_144' title='bbox 382 2417 561 2487; x_wconf 83' lang='lat' dir='ltr'><strong>voluptutem</strong></span> <span class='ocrx_word' id='word_1_145' title='bbox 575 2435 639 2474; x_wconf 87' lang='lat' dir='ltr'><strong>esse</strong></span> <span class='ocrx_word' id='word_1_146' title='bbox 650 2417 769 2476; x_wconf 82' lang='lat' dir='ltr'><strong>dixerit.</strong></span> <span class='ocrx_word' id='word_1_147' title='bbox 810 2417 917 2492; x_wconf 78' lang='lat' dir='ltr'><strong>Negat,</strong></span> <span class='ocrx_word' id='word_1_148' title='bbox 927 2433 1099 2492; x_wconf 82' lang='lat' dir='ltr'><strong>quemquam</strong></span> 
     </span>
     <span class='ocr_line' id='line_1_22' title="bbox 221 2513 1100 2588; baseline 0.002 -18"><span class='ocrx_word' id='word_1_149' title='bbox 221 2513 351 2586; x_wconf 80' lang='lat' dir='ltr'><strong>jucunde</strong></span> <span class='ocrx_word' id='word_1_150' title='bbox 373 2531 455 2587; x_wconf 84' lang='lat' dir='ltr'><strong>posse</strong></span> <span class='ocrx_word' id='word_1_151' title='bbox 471 2515 583 2583; x_wconf 86' lang='lat' dir='ltr'><strong>vivere,</strong></span> <span class='ocrx_word' id='word_1_152' title='bbox 607 2517 664 2574; x_wconf 88' lang='lat' dir='ltr'><strong>nisi</strong></span> <span class='ocrx_word' id='word_1_153' title='bbox 689 2517 768 2574; x_wconf 86' lang='lat' dir='ltr'><strong>idem</strong></span> <span class='ocrx_word' id='word_1_154' title='bbox 788 2517 919 2582; x_wconf 87' lang='lat' dir='ltr'><strong>honeste,</strong></span> <span class='ocrx_word' id='word_1_155' title='bbox 943 2517 1100 2588; x_wconf 82' lang='lat' dir='ltr'><strong>sapienter,</strong></span> 
     </span>
     <span class='ocr_line' id='line_1_23' title="bbox 219 2614 1099 2690; baseline 0.001 -18"><span class='ocrx_word' id='word_1_156' title='bbox 219 2614 356 2688; x_wconf 86' lang='lat' dir='ltr'><strong>justeque</strong></span> <span class='ocrx_word' id='word_1_157' title='bbox 388 2614 480 2672; x_wconf 81' lang='lat' dir='ltr'><strong>vivat.</strong></span> <span class='ocrx_word' id='word_1_158' title='bbox 531 2615 615 2672; x_wconf 85' lang='lat' dir='ltr'><strong>Nihil</strong></span> <span class='ocrx_word' id='word_1_159' title='bbox 651 2615 777 2689; x_wconf 82' lang='lat' dir='ltr'><strong>gravius,</strong></span> <span class='ocrx_word' id='word_1_160' title='bbox 805 2615 878 2673; x_wconf 89' lang='lat' dir='ltr'><strong>nihil</strong></span> <span class='ocrx_word' id='word_1_161' title='bbox 915 2616 1099 2690; x_wconf 80' lang='lat' dir='ltr'><strong>philosophis</strong></span> 
     </span>
     <span class='ocr_line' id='line_1_24' title="bbox 225 2711 1099 2788; baseline 0.001 -18"><span class='ocrx_word' id='word_1_162' title='bbox 225 2711 361 2786; x_wconf 70' lang='lat' dir='ltr'><strong>tliguiust</strong></span> <span class='ocrx_word' id='word_1_163' title='bbox 391 2713 447 2771; x_wconf 89' lang='lat' dir='ltr'><strong>uisi</strong></span> <span class='ocrx_word' id='word_1_164' title='bbox 473 2712 552 2772; x_wconf 83' lang='lat' dir='ltr'><strong>idem</strong></span> <span class='ocrx_word' id='word_1_165' title='bbox 577 2715 633 2770; x_wconf 84' lang='lat' dir='ltr'><strong>hoc</strong></span> <span class='ocrx_word' id='word_1_166' title='bbox 653 2714 757 2786; x_wconf 82' lang='lat' dir='ltr'><strong>ipsum,</strong></span> <span class='ocrx_word' id='word_1_167' title='bbox 778 2715 913 2781; x_wconf 85' lang='lat' dir='ltr'><strong>honeste,</strong></span> <span class='ocrx_word' id='word_1_168' title='bbox 941 2714 1099 2788; x_wconf 81' lang='lat' dir='ltr'><strong>sapienter,</strong></span> 
     </span>
     <span class='ocr_line' id='line_1_25' title="bbox 218 2811 1098 2887; baseline 0 -17"><span class='ocrx_word' id='word_1_169' title='bbox 218 2811 309 2886; x_wconf 82' lang='lat' dir='ltr'><strong>juste,</strong></span> <span class='ocrx_word' id='word_1_170' title='bbox 330 2812 367 2868; x_wconf 83' lang='lat' dir='ltr'><strong>ed</strong></span> <span class='ocrx_word' id='word_1_171' title='bbox 388 2814 569 2884; x_wconf 81' lang='lat' dir='ltr'><strong>voluptutem</strong></span> <span class='ocrx_word' id='word_1_172' title='bbox 594 2813 721 2870; x_wconf 81' lang='lat' dir='ltr'><strong>reterret.</strong></span> <span class='ocrx_word' id='word_1_173' title='bbox 763 2812 842 2885; x_wconf 78' lang='lat' dir='ltr'><strong>Quid</strong></span> <span class='ocrx_word' id='word_1_174' title='bbox 866 2812 978 2879; x_wconf 86' lang='lat' dir='ltr'><strong>melius,</strong></span> <span class='ocrx_word' id='word_1_175' title='bbox 1002 2831 1098 2887; x_wconf 85' lang='lat' dir='ltr'><strong>quum,</strong></span> 
     </span>
     <span class='ocr_line' id='line_1_26' title="bbox 223 2908 1098 2984; baseline -0.005 -12"><span class='ocrx_word' id='word_1_176' title='bbox 223 2910 366 2972; x_wconf 72' lang='lat' dir='ltr'><strong>fortunam</strong></span> <span class='ocrx_word' id='word_1_177' title='bbox 381 2911 518 2984; x_wconf 80' lang='lat' dir='ltr'><strong>exiguam</strong></span> <span class='ocrx_word' id='word_1_178' title='bbox 531 2911 712 2969; x_wconf 83' lang='lat' dir='ltr'><strong>intervenire</strong></span> <span class='ocrx_word' id='word_1_179' title='bbox 723 2908 874 2984; x_wconf 79' lang='lat' dir='ltr'><strong>sepienti?</strong></span> <span class='ocrx_word' id='word_1_180' title='bbox 893 2912 945 2968; x_wconf 86' lang='lat' dir='ltr'><strong>sed</strong></span> <span class='ocrx_word' id='word_1_181' title='bbox 960 2911 1016 2968; x_wconf 85' lang='lat' dir='ltr'><strong>hoe</strong></span> <span class='ocrx_word' id='word_1_182' title='bbox 1033 2912 1098 2968; x_wconf 90' lang='lat' dir='ltr'><strong>isne</strong></span> 
     </span>
     <span class='ocr_line' id='line_1_27' title="bbox 224 3007 1097 3083; baseline 0.001 -19"><span class='ocrx_word' id='word_1_183' title='bbox 224 3007 307 3077; x_wconf 83' lang='lat' dir='ltr'><strong>tliuit,</strong></span> <span class='ocrx_word' id='word_1_184' title='bbox 321 3009 379 3083; x_wconf 88' lang='lat' dir='ltr'><strong>qui,</strong></span> <span class='ocrx_word' id='word_1_185' title='bbox 393 3026 459 3066; x_wconf 86' lang='lat' dir='ltr'><strong>oum</strong></span> <span class='ocrx_word' id='word_1_186' title='bbox 480 3010 611 3067; x_wconf 89' lang='lat' dir='ltr'><strong>dolorem</strong></span> <span class='ocrx_word' id='word_1_187' title='bbox 632 3028 691 3067; x_wconf 90' lang='lat' dir='ltr'><strong>non</strong></span> <span class='ocrx_word' id='word_1_188' title='bbox 705 3010 793 3067; x_wconf 90' lang='lat' dir='ltr'><strong>modo</strong></span> <span class='ocrx_word' id='word_1_189' title='bbox 806 3010 964 3068; x_wconf 81' lang='lat' dir='ltr'><strong>maximum</strong></span> <span class='ocrx_word' id='word_1_190' title='bbox 978 3011 1097 3077; x_wconf 72' lang='lat' dir='ltr'><strong>molum,</strong></span> 
     </span>
     <span class='ocr_line' id='line_1_28' title="bbox 225 3105 1097 3181; baseline -0.001 -14"><span class='ocrx_word' id='word_1_191' title='bbox 225 3107 277 3168; x_wconf 82' lang='lat' dir='ltr'><strong>sed</strong></span> <span class='ocrx_word' id='word_1_192' title='bbox 291 3109 384 3164; x_wconf 87' lang='lat' dir='ltr'><strong>solum</strong></span> <span class='ocrx_word' id='word_1_193' title='bbox 400 3109 506 3164; x_wconf 80' lang='lat' dir='ltr'><strong>mulum</strong></span> <span class='ocrx_word' id='word_1_194' title='bbox 521 3107 610 3166; x_wconf 84' lang='lat' dir='ltr'><strong>etium</strong></span> <span class='ocrx_word' id='word_1_195' title='bbox 630 3107 747 3175; x_wconf 82' lang='lat' dir='ltr'><strong>dixerit,</strong></span> <span class='ocrx_word' id='word_1_196' title='bbox 763 3113 824 3167; x_wconf 90' lang='lat' dir='ltr'><strong>tolo</strong></span> <span class='ocrx_word' id='word_1_197' title='bbox 838 3125 958 3181; x_wconf 82' lang='lat' dir='ltr'><strong>corpore</strong></span> <span class='ocrx_word' id='word_1_198' title='bbox 972 3105 1097 3181; x_wconf 82' lang='lat' dir='ltr'><strong>opprimi</strong></span> 
     </span>
    </p>
   </div>
   <div class='ocr_carea' id='block_1_5' title="bbox 224 3203 1182 3279">
    <p class='ocr_par' dir='ltr' id='par_1_5' title="bbox 224 3203 1182 3279">
     <span class='ocr_line' id='line_1_29' title="bbox 224 3203 1182 3279; baseline 0.003 -16"><span class='ocrx_word' id='word_1_199' title='bbox 224 3203 316 3279; x_wconf 83' lang='lat' dir='ltr'><strong>possit</strong></span> <span class='ocrx_word' id='word_1_200' title='bbox 329 3204 475 3264; x_wconf 83' lang='lat' dir='ltr'><strong>doloribus</strong></span> <span class='ocrx_word' id='word_1_201' title='bbox 489 3204 639 3262; x_wconf 78' lang='lat' dir='ltr'><strong>acerrimis</strong></span> <span class='ocrx_word' id='word_1_202' title='bbox 659 3211 729 3273; x_wconf 82' lang='lat' dir='ltr'><strong>tum,</strong></span> <span class='ocrx_word' id='word_1_203' title='bbox 752 3222 820 3264; x_wconf 88' lang='lat' dir='ltr'><strong>oum</strong></span> <span class='ocrx_word' id='word_1_204' title='bbox 841 3205 970 3264; x_wconf 80' lang='lat' dir='ltr'><strong>maxime</strong></span> <span class='ocrx_word' id='word_1_205' title='bbox 994 3212 1098 3266; x_wconf 79' lang='lat' dir='ltr'><strong>contre</strong></span> <span class='ocrx_word' id='word_1_206' title='bbox 1179 3245 1182 3248; x_wconf 96' lang='lat'>-</span> 
     </span>
    </p>
   </div>
   <div class='ocr_carea' id='block_1_6' title="bbox 255 3355 927 3418">
    <p class='ocr_par' dir='ltr' id='par_1_6' title="bbox 255 3355 927 3418">
     <span class='ocr_line' id='line_1_30' title="bbox 255 3355 927 3418; baseline 0.006 -13"><span class='ocrx_word' id='word_1_207' title='bbox 255 3357 279 3392; x_wconf 76' lang='lat'><strong>²⁰</strong></span> <span class='ocrx_word' id='word_1_208' title='bbox 292 3358 319 3406; x_wconf 84' lang='lat' dir='ltr'><strong>r&#39;ts</strong></span> <span class='ocrx_word' id='word_1_209' title='bbox 329 3355 465 3407; x_wconf 76' lang='lat' dir='ltr'><strong>Callisthene</strong></span> <span class='ocrx_word' id='word_1_210' title='bbox 474 3357 523 3418; x_wconf 82' lang='lat' dir='ltr'><strong>suo]</strong></span> <span class='ocrx_word' id='word_1_211' title='bbox 542 3356 600 3404; x_wconf 85' lang='lat' dir='ltr'><strong>libro</strong></span> <span class='ocrx_word' id='word_1_212' title='bbox 609 3359 638 3405; x_wconf 85' lang='lat' dir='ltr'><strong>de</strong></span> <span class='ocrx_word' id='word_1_213' title='bbox 646 3359 714 3406; x_wconf 84' lang='lat' dir='ltr'><strong>luctu.</strong></span> <span class='ocrx_word' id='word_1_214' title='bbox 725 3374 747 3406; x_wconf 80' lang='lat' dir='ltr'><strong>v.</strong></span> <span class='ocrx_word' id='word_1_215' title='bbox 758 3359 826 3407; x_wconf 82' lang='lat' dir='ltr'><strong>Ture.</strong></span> <span class='ocrx_word' id='word_1_216' title='bbox 838 3359 880 3417; x_wconf 87' lang='grc' dir='ltr'>ΙΙΙ,</span> <span class='ocrx_word' id='word_1_217' title='bbox 893 3363 927 3409; x_wconf 85' lang='lat' dir='ltr'><strong>to.</strong></span> 
     </span>
    </p>
   </div>
   <div class='ocr_carea' id='block_1_7' title="bbox 226 3435 1098 3620">
    <p class='ocr_par' dir='ltr' id='par_1_7' title="bbox 226 3435 1098 3620">
     <span class='ocr_line' id='line_1_31' title="bbox 255 3435 1098 3509; baseline 0 -25"><span class='ocrx_word' id='word_1_218' title='bbox 255 3435 277 3468; x_wconf 56' lang='grc' dir='ltr'><strong>θ’</strong></span> <span class='ocrx_word' id='word_1_219' title='bbox 291 3451 357 3496; x_wconf 66' lang='lat' dir='ltr'><strong>ptum</strong></span> <span class='ocrx_word' id='word_1_220' title='bbox 367 3437 426 3485; x_wconf 83' lang='lat' dir='ltr'><strong>enim</strong></span> <span class='ocrx_word' id='word_1_221' title='bbox 436 3436 479 3484; x_wconf 84' lang='lat' dir='ltr'><strong>sili</strong></span> <span class='ocrx_word' id='word_1_222' title='bbox 487 3440 610 3484; x_wconf 73' lang='lat' dir='ltr'><strong>constanter</strong></span> <span class='ocrx_word' id='word_1_223' title='bbox 620 3451 638 3507; x_wconf 78' lang='lat'><strong>⁶:</strong></span> <span class='ocrx_word' id='word_1_224' title='bbox 657 3438 691 3500; x_wconf 65' lang='lat' dir='ltr'><strong>rh]</strong></span> <span class='ocrx_word' id='word_1_225' title='bbox 708 3437 768 3485; x_wconf 78' lang='lat' dir='ltr'><strong>enim</strong></span> <span class='ocrx_word' id='word_1_226' title='bbox 782 3437 824 3508; x_wconf 41' lang='lat' dir='ltr'><strong>&#39;hio</strong></span> <span class='ocrx_word' id='word_1_227' title='bbox 841 3453 885 3509; x_wconf 75' lang='lat' dir='ltr'><strong>non</strong></span> <span class='ocrx_word' id='word_1_228' title='bbox 904 3442 989 3499; x_wconf 84' lang='lat' dir='ltr'><strong>aptum.</strong></span> <span class='ocrx_word' id='word_1_229' title='bbox 1021 3437 1098 3498; x_wconf 69' lang='lat' dir='ltr'><strong>Corr&#39;p</strong></span> 
     </span>
     <span class='ocr_line' id='line_1_32' title="bbox 226 3496 1097 3620; baseline 0.001 -18"><span class='ocrx_word' id='word_1_230' title='bbox 226 3496 885 3620; x_wconf 54' lang='lat' dir='ltr'><strong>tittitti}itttutlt&#39;tlitttlttittl</strong></span> <span class='ocrx_word' id='word_1_231' title='bbox 894 3498 1032 3604; x_wconf 47' lang='lat' dir='ltr'><strong>lilim·</strong></span> <span class='ocrx_word' id='word_1_232' title='bbox 1042 3511 1097 3570; x_wconf 47' lang='grc' dir='ltr'><strong>μ’</strong></span> 
     </span>
    </p>
   </div>
   <div class='ocr_carea' id='block_1_8' title="bbox 0 0 1279 4208">
    <p class='ocr_par' dir='ltr' id='par_1_8' title="bbox 0 0 1279 4208">
     <span class='ocr_line' id='line_1_33' title="bbox 0 0 1279 4208; baseline 0 0"><span class='ocrx_word' id='word_1_233' title='bbox 0 0 1279 4208; x_wconf 95' lang='lat' dir='ltr'><strong> </strong></span> 
     </span>
    </p>
   </div>
  </div>
 </body>
</html>
