<?xml version="1.0" encoding="UTF-8"?>
<!DOCTYPE html PUBLIC "-//W3C//DTD XHTML 1.0 Transitional//EN"
    "http://www.w3.org/TR/xhtml1/DTD/xhtml1-transitional.dtd">
<html xmlns="http://www.w3.org/1999/xhtml" xml:lang="en" lang="en">
 <head>
  <title>
</title>
<meta http-equiv="Content-Type" content="text/html;charset=utf-8" />
  <meta name='ocr-system' content='tesseract 3.04.00' />
  <meta name='ocr-capabilities' content='ocr_page ocr_carea ocr_par ocr_line ocrx_word'/>
</head>
<body>
  <div class='ocr_page' id='page_1' title='image "./mtvlliiciceroni11cicegoog/mtvlliiciceroni11cicegoog_0456.png"; bbox 0 0 2538 4188; ppageno 0'>
   <div class='ocr_carea' id='block_1_1' title="bbox 467 325 1023 440">
    <p class='ocr_par' dir='ltr' id='par_1_1' title="bbox 467 325 1023 440">
     <span class='ocr_line' id='line_1_1' title="bbox 467 325 1023 440; baseline 0.005 -38"><span class='ocrx_word' id='word_1_1' title='bbox 467 325 743 440; x_wconf 50' lang='lat' dir='ltr'>mammillis..</span> <span class='ocrx_word' id='word_1_2' title='bbox 960 363 1023 426; x_wconf 76' lang='lat' dir='ltr'>llo</span> 
     </span>
    </p>
   </div>
   <div class='ocr_carea' id='block_1_2' title="bbox 103 501 1025 2068">
    <p class='ocr_par' dir='ltr' id='par_1_2' title="bbox 154 501 1025 1175">
     <span class='ocr_line' id='line_1_2' title="bbox 156 501 1025 580; baseline 0.006 -18"><span class='ocrx_word' id='word_1_3' title='bbox 156 507 263 569; x_wconf 88' lang='lat' dir='ltr'>aulem,</span> <span class='ocrx_word' id='word_1_4' title='bbox 284 501 360 578; x_wconf 85' lang='lat' dir='ltr'>quod</span> <span class='ocrx_word' id='word_1_5' title='bbox 384 501 439 560; x_wconf 90' lang='lat' dir='ltr'>tihi</span> <span class='ocrx_word' id='word_1_6' title='bbox 462 504 613 562; x_wconf 85' lang='lat' dir='ltr'>assentiar.</span> <span class='ocrx_word' id='word_1_7' title='bbox 655 505 824 580; x_wconf 82' lang='lat' dir='ltr'>Neptunum</span> <span class='ocrx_word' id='word_1_8' title='bbox 850 521 915 564; x_wconf 83' lang='lat' dir='ltr'>esse</span> <span class='ocrx_word' id='word_1_9' title='bbox 940 505 1025 577; x_wconf 87' lang='lat' dir='ltr'>dicis,</span> 
     </span>
     <span class='ocr_line' id='line_1_3' title="bbox 156 602 1024 679; baseline 0.009 -21"><span class='ocrx_word' id='word_1_10' title='bbox 156 603 285 659; x_wconf 88' lang='lat' dir='ltr'>animum</span> <span class='ocrx_word' id='word_1_11' title='bbox 320 619 387 659; x_wconf 89' lang='lat' dir='ltr'>cum</span> <span class='ocrx_word' id='word_1_12' title='bbox 414 602 610 678; x_wconf 81' lang='lat' dir='ltr'>intelligentia</span> <span class='ocrx_word' id='word_1_13' title='bbox 635 622 687 678; x_wconf 90' lang='lat' dir='ltr'>per</span> <span class='ocrx_word' id='word_1_14' title='bbox 713 622 791 663; x_wconf 88' lang='lat' dir='ltr'>mara</span> <span class='ocrx_word' id='word_1_15' title='bbox 819 605 1024 679; x_wconf 75' lang='lat' dir='ltr'>pertinentem.</span> 
     </span>
     <span class='ocr_line' id='line_1_4' title="bbox 156 701 1021 781; baseline 0.007 -23"><span class='ocrx_word' id='word_1_16' title='bbox 156 701 235 760; x_wconf 87' lang='lat' dir='ltr'>idern</span> <span class='ocrx_word' id='word_1_17' title='bbox 259 701 296 758; x_wconf 84' lang='lat' dir='ltr'>da</span> <span class='ocrx_word' id='word_1_18' title='bbox 321 701 438 759; x_wconf 77' lang='lat' dir='ltr'>Cerere.</span> <span class='ocrx_word' id='word_1_19' title='bbox 481 704 570 761; x_wconf 86' lang='lat' dir='ltr'>letam</span> <span class='ocrx_word' id='word_1_20' title='bbox 596 710 692 764; x_wconf 87' lang='lat' dir='ltr'>autem</span> <span class='ocrx_word' id='word_1_21' title='bbox 719 705 946 781; x_wconf 77' lang='lat' dir='ltr'>intelligentiam</span> <span class='ocrx_word' id='word_1_22' title='bbox 971 710 1021 766; x_wconf 82' lang='lat' dir='ltr'>aut</span> 
     </span>
     <span class='ocr_line' id='line_1_5' title="bbox 155 805 1024 877; baseline 0.008 -20"><span class='ocrx_word' id='word_1_23' title='bbox 155 805 315 866; x_wconf 75' lang='lat' dir='ltr'>mariscot</span> <span class='ocrx_word' id='word_1_24' title='bbox 334 805 510 870; x_wconf 63' lang='lat' dir='ltr'>terracona</span> <span class='ocrx_word' id='word_1_25' title='bbox 532 805 617 861; x_wconf 90' lang='lat' dir='ltr'>modo</span> <span class='ocrx_word' id='word_1_26' title='bbox 641 806 889 877; x_wconf 79' lang='lat' dir='ltr'>comprehendere</span> <span class='ocrx_word' id='word_1_27' title='bbox 914 805 1024 875; x_wconf 88' lang='lat' dir='ltr'>anima,</span> 
     </span>
     <span class='ocr_line' id='line_1_6' title="bbox 156 873 1024 978; baseline 0.008 -22"><span class='ocrx_word' id='word_1_28' title='bbox 156 900 208 956; x_wconf 88' lang='lat' dir='ltr'>sed</span> <span class='ocrx_word' id='word_1_29' title='bbox 231 917 266 955; x_wconf 87' lang='lat' dir='ltr'>ue</span> <span class='ocrx_word' id='word_1_30' title='bbox 281 901 446 970; x_wconf 72' lang='lat' dir='ltr'>suspicione</span> <span class='ocrx_word' id='word_1_31' title='bbox 447 873 583 976; x_wconf 89' lang='lat' dir='ltr'>quidem</span> <span class='ocrx_word' id='word_1_32' title='bbox 598 921 713 976; x_wconf 88' lang='lat' dir='ltr'>possum</span> <span class='ocrx_word' id='word_1_33' title='bbox 727 903 880 977; x_wconf 83' lang='lat' dir='ltr'>attingere.</span> <span class='ocrx_word' id='word_1_34' title='bbox 922 905 1024 978; x_wconf 78' lang='lat' dir='ltr'>ltaque</span> 
     </span>
     <span class='ocr_line' id='line_1_7' title="bbox 156 998 1024 1078; baseline 0.007 -23"><span class='ocrx_word' id='word_1_35' title='bbox 156 998 272 1056; x_wconf 77' lang='lat' dir='ltr'>aliunde</span> <span class='ocrx_word' id='word_1_36' title='bbox 283 1000 353 1057; x_wconf 87' lang='lat' dir='ltr'>mihi</span> <span class='ocrx_word' id='word_1_37' title='bbox 364 1003 558 1074; x_wconf 87' lang='lat' dir='ltr'>quaerendum</span> <span class='ocrx_word' id='word_1_38' title='bbox 568 1008 622 1070; x_wconf 88' lang='lat' dir='ltr'>est,</span> <span class='ocrx_word' id='word_1_39' title='bbox 633 1008 664 1060; x_wconf 90' lang='lat' dir='ltr'>ut</span> <span class='ocrx_word' id='word_1_40' title='bbox 675 1007 706 1059; x_wconf 88' lang='lat' dir='ltr'>et</span> <span class='ocrx_word' id='word_1_41' title='bbox 716 1019 780 1058; x_wconf 86' lang='lat' dir='ltr'>esse</span> <span class='ocrx_word' id='word_1_42' title='bbox 790 1003 869 1067; x_wconf 87' lang='lat' dir='ltr'>deos,</span> <span class='ocrx_word' id='word_1_43' title='bbox 880 1007 911 1059; x_wconf 85' lang='lat' dir='ltr'>et</span> <span class='ocrx_word' id='word_1_44' title='bbox 923 1004 1024 1078; x_wconf 85' lang='lat' dir='ltr'>quales</span> 
     </span>
     <span class='ocr_line' id='line_1_8' title="bbox 154 1097 1022 1175; baseline 0.003 -20"><span class='ocrx_word' id='word_1_45' title='bbox 154 1097 213 1155; x_wconf 88' lang='lat' dir='ltr'>sint</span> <span class='ocrx_word' id='word_1_46' title='bbox 226 1100 277 1164; x_wconf 83' lang='lat' dir='ltr'>dii,</span> <span class='ocrx_word' id='word_1_47' title='bbox 292 1099 404 1158; x_wconf 89' lang='lat' dir='ltr'>discere</span> <span class='ocrx_word' id='word_1_48' title='bbox 417 1100 540 1173; x_wconf 70' lang='lat' dir='ltr'>possum</span> <span class='ocrx_word' id='word_1_49' title='bbox 562 1117 649 1175; x_wconf 87' lang='lat' dir='ltr'>quam</span> <span class='ocrx_word' id='word_1_50' title='bbox 663 1102 762 1175; x_wconf 83' lang='lat' dir='ltr'>quales</span> <span class='ocrx_word' id='word_1_51' title='bbox 776 1106 807 1157; x_wconf 92' lang='lat' dir='ltr'>tu</span> <span class='ocrx_word' id='word_1_52' title='bbox 821 1117 871 1158; x_wconf 89' lang='lat' dir='ltr'>eos</span> <span class='ocrx_word' id='word_1_53' title='bbox 887 1119 951 1158; x_wconf 87' lang='lat' dir='ltr'>esse</span> <span class='ocrx_word' id='word_1_54' title='bbox 966 1101 1022 1162; x_wconf 82' lang='lat' dir='ltr'>vis.</span> 
     </span>
    </p>

    <p class='ocr_par' dir='ltr' id='par_1_3' title="bbox 103 1198 1021 2068">
     <span class='ocr_line' id='line_1_9' title="bbox 195 1198 1021 1274; baseline 0.007 -20"><span class='ocrx_word' id='word_1_55' title='bbox 195 1198 357 1256; x_wconf 87' lang='lat' dir='ltr'>Videamus</span> <span class='ocrx_word' id='word_1_56' title='bbox 372 1217 416 1267; x_wconf 83' lang='lat' dir='ltr'>ea,</span> <span class='ocrx_word' id='word_1_57' title='bbox 430 1218 503 1274; x_wconf 88' lang='lat' dir='ltr'>quae</span> <span class='ocrx_word' id='word_1_58' title='bbox 523 1204 697 1273; x_wconf 83' lang='lat' dir='ltr'>sequuntur:</span> <span class='ocrx_word' id='word_1_59' title='bbox 720 1199 851 1272; x_wconf 85' lang='lat' dir='ltr'>primurn,</span> <span class='ocrx_word' id='word_1_60' title='bbox 863 1201 1021 1260; x_wconf 80' lang='lat' dir='ltr'>deorumne</span> 
     </span>
     <span class='ocr_line' id='line_1_10' title="bbox 161 1295 1021 1372; baseline 0.003 -18"><span class='ocrx_word' id='word_1_61' title='bbox 161 1298 345 1372; x_wconf 84' lang='lat' dir='ltr'>providentia</span> <span class='ocrx_word' id='word_1_62' title='bbox 361 1300 482 1356; x_wconf 87' lang='lat' dir='ltr'>mundus</span> <span class='ocrx_word' id='word_1_63' title='bbox 503 1303 631 1372; x_wconf 79' lang='lat' dir='ltr'>regatur:</span> <span class='ocrx_word' id='word_1_64' title='bbox 661 1297 777 1366; x_wconf 87' lang='lat' dir='ltr'>deinde,</span> <span class='ocrx_word' id='word_1_65' title='bbox 799 1295 1021 1358; x_wconf 64' lang='lat' dir='ltr'>nnconsulantne</span> 
     </span>
     <span class='ocr_line' id='line_1_11' title="bbox 152 1397 1020 1472; baseline 0.002 -18"><span class='ocrx_word' id='word_1_66' title='bbox 152 1401 236 1454; x_wconf 84' lang='lat' dir='ltr'>rebus</span> <span class='ocrx_word' id='word_1_67' title='bbox 259 1400 398 1456; x_wconf 85' lang='lat' dir='ltr'>humanis.</span> <span class='ocrx_word' id='word_1_68' title='bbox 420 1399 493 1454; x_wconf 90' lang='lat' dir='ltr'>haec</span> <span class='ocrx_word' id='word_1_69' title='bbox 521 1398 601 1454; x_wconf 83' lang='lat' dir='ltr'>enirn</span> <span class='ocrx_word' id='word_1_70' title='bbox 626 1397 698 1454; x_wconf 90' lang='lat' dir='ltr'>mihi</span> <span class='ocrx_word' id='word_1_71' title='bbox 724 1415 763 1454; x_wconf 81' lang='lat' dir='ltr'>ex</span> <span class='ocrx_word' id='word_1_72' title='bbox 791 1402 840 1456; x_wconf 87' lang='lat' dir='ltr'>tua</span> <span class='ocrx_word' id='word_1_73' title='bbox 866 1399 1020 1472; x_wconf 77' lang='lat' dir='ltr'>punitione</span> 
     </span>
     <span class='ocr_line' id='line_1_12' title="bbox 151 1496 1020 1573; baseline 0 -19"><span class='ocrx_word' id='word_1_74' title='bbox 151 1504 262 1554; x_wconf 87' lang='lat' dir='ltr'>restant</span> <span class='ocrx_word' id='word_1_75' title='bbox 281 1500 347 1555; x_wconf 92' lang='lat' dir='ltr'>duo.</span> <span class='ocrx_word' id='word_1_76' title='bbox 372 1498 409 1554; x_wconf 88' lang='lat' dir='ltr'>dc</span> <span class='ocrx_word' id='word_1_77' title='bbox 431 1497 533 1573; x_wconf 84' lang='lat' dir='ltr'>quibus</span> <span class='ocrx_word' id='word_1_78' title='bbox 554 1496 581 1554; x_wconf 90' lang='lat' dir='ltr'>si</span> <span class='ocrx_word' id='word_1_79' title='bbox 602 1496 685 1554; x_wconf 83' lang='lat' dir='ltr'>vohis</span> <span class='ocrx_word' id='word_1_80' title='bbox 711 1497 835 1564; x_wconf 86' lang='lat' dir='ltr'>videtur,</span> <span class='ocrx_word' id='word_1_81' title='bbox 856 1498 1020 1555; x_wconf 76' lang='lat' dir='ltr'>accuratius</span> 
     </span>
     <span class='ocr_line' id='line_1_13' title="bbox 152 1591 1019 1670; baseline -0.002 -15"><span class='ocrx_word' id='word_1_82' title='bbox 152 1591 350 1655; x_wconf 82' lang='lat' dir='ltr'>disserendum</span> <span class='ocrx_word' id='word_1_83' title='bbox 366 1603 444 1668; x_wconf 87' lang='lat' dir='ltr'>puto.</span> <span class='ocrx_word' id='word_1_84' title='bbox 488 1593 563 1653; x_wconf 87' lang='lat' dir='ltr'>Mihi</span> <span class='ocrx_word' id='word_1_85' title='bbox 579 1614 657 1658; x_wconf 81' lang='lat' dir='ltr'>vero,</span> <span class='ocrx_word' id='word_1_86' title='bbox 667 1595 759 1670; x_wconf 87' lang='lat' dir='ltr'>inquit</span> <span class='ocrx_word' id='word_1_87' title='bbox 775 1596 918 1668; x_wconf 85' lang='lat' dir='ltr'>Vellejus‚</span> <span class='ocrx_word' id='word_1_88' title='bbox 933 1595 1019 1653; x_wconf 80' lang='lat' dir='ltr'>valde</span> 
     </span>
     <span class='ocr_line' id='line_1_14' title="bbox 154 1689 1020 1768; baseline -0.001 -15"><span class='ocrx_word' id='word_1_89' title='bbox 154 1696 289 1753; x_wconf 85' lang='lat' dir='ltr'>videtur:</span> <span class='ocrx_word' id='word_1_90' title='bbox 314 1713 380 1753; x_wconf 83' lang='lat' dir='ltr'>nam</span> <span class='ocrx_word' id='word_1_91' title='bbox 394 1702 425 1753; x_wconf 89' lang='lat' dir='ltr'>et</span> <span class='ocrx_word' id='word_1_92' title='bbox 436 1689 545 1767; x_wconf 85' lang='lat' dir='ltr'>majora</span> <span class='ocrx_word' id='word_1_93' title='bbox 560 1691 720 1768; x_wconf 58' lang='lat' dir='ltr'>exspecto}</span> <span class='ocrx_word' id='word_1_94' title='bbox 741 1700 771 1751; x_wconf 89' lang='lat' dir='ltr'>et</span> <span class='ocrx_word' id='word_1_95' title='bbox 785 1694 840 1760; x_wconf 90' lang='lat' dir='ltr'>his,</span> <span class='ocrx_word' id='word_1_96' title='bbox 853 1711 926 1768; x_wconf 86' lang='lat' dir='ltr'>quac</span> <span class='ocrx_word' id='word_1_97' title='bbox 939 1693 1020 1752; x_wconf 87' lang='lat' dir='ltr'>dicta</span> 
     </span>
     <span class='ocr_line' id='line_1_15' title="bbox 150 1793 1018 1866; baseline -0.002 -13"><span class='ocrx_word' id='word_1_98' title='bbox 150 1801 227 1861; x_wconf 85' lang='lat' dir='ltr'>sunt,</span> <span class='ocrx_word' id='word_1_99' title='bbox 242 1796 432 1853; x_wconf 83' lang='lat' dir='ltr'>vehementer</span> <span class='ocrx_word' id='word_1_100' title='bbox 442 1794 613 1851; x_wconf 72' lang='lat' dir='ltr'>assentior·</span> <span class='ocrx_word' id='word_1_101' title='bbox 636 1793 715 1850; x_wconf 85' lang='lat' dir='ltr'>Tum</span> <span class='ocrx_word' id='word_1_102' title='bbox 737 1795 855 1859; x_wconf 81' lang='lat' dir='ltr'>Balbus,</span> <span class='ocrx_word' id='word_1_103' title='bbox 877 1793 1018 1866; x_wconf 85' lang='lat' dir='ltr'>Interpel-</span> 
     </span>
     <span class='ocr_line' id='line_1_16' title="bbox 149 1893 1017 1968; baseline 0.001 -17"><span class='ocrx_word' id='word_1_104' title='bbox 149 1896 273 1960; x_wconf 83' lang='lat' dir='ltr'>terete,</span> <span class='ocrx_word' id='word_1_105' title='bbox 299 1893 402 1968; x_wconf 84' lang='lat' dir='ltr'>inquit,</span> <span class='ocrx_word' id='word_1_106' title='bbox 427 1894 526 1961; x_wconf 77' lang='lat' dir='ltr'>cotta,</span> <span class='ocrx_word' id='word_1_107' title='bbox 553 1894 630 1950; x_wconf 89' lang='lat' dir='ltr'>nolo.</span> <span class='ocrx_word' id='word_1_108' title='bbox 654 1893 705 1949; x_wconf 91' lang='lat' dir='ltr'>sed</span> <span class='ocrx_word' id='word_1_109' title='bbox 733 1909 879 1950; x_wconf 88' lang='lat' dir='ltr'>sumemus</span> <span class='ocrx_word' id='word_1_110' title='bbox 904 1897 1017 1968; x_wconf 84' lang='lat' dir='ltr'>tempus</span> 
     </span>
     <span class='ocr_line' id='line_1_17' title="bbox 103 1987 924 2068; baseline -0.001 -17"><span class='ocrx_word' id='word_1_111' title='bbox 103 2000 106 2004; x_wconf 86' lang='grc'><strong>’</strong></span> <span class='ocrx_word' id='word_1_112' title='bbox 150 1993 238 2052; x_wconf 90' lang='lat' dir='ltr'>aliud.</span> <span class='ocrx_word' id='word_1_113' title='bbox 252 1993 377 2052; x_wconf 85' lang='lat' dir='ltr'>efficiam</span> <span class='ocrx_word' id='word_1_114' title='bbox 392 1994 521 2068; x_wconf 69' lang='lat' dir='ltr'>purulento</span> <span class='ocrx_word' id='word_1_115' title='bbox 532 1990 554 2026; x_wconf 81' lang='lat'>⁰³</span> <span class='ocrx_word' id='word_1_116' title='bbox 564 2004 594 2054; x_wconf 80' lang='lat' dir='ltr'>ur</span> <span class='ocrx_word' id='word_1_117' title='bbox 607 1992 725 2052; x_wconf 84' lang='lat' dir='ltr'>taleare.</span> <span class='ocrx_word' id='word_1_118' title='bbox 768 1992 828 2050; x_wconf 85' lang='lat' dir='ltr'>Sed</span> <span class='ocrx_word' id='word_1_119' title='bbox 841 1988 859 2027; x_wconf 73' lang='lat'>⁴*</span> <span class='ocrx_word' id='word_1_120' title='bbox 873 1987 891 2026; x_wconf 71' lang='lat'>⁴*</span> <span class='ocrx_word' id='word_1_121' title='bbox 905 1987 924 2027; x_wconf 69' lang='lat'>*⁹</span> 
     </span>
    </p>
   </div>
   <div class='ocr_carea' id='block_1_3' title="bbox 208 2130 859 2352">
    <p class='ocr_par' dir='ltr' id='par_1_4' title="bbox 208 2130 859 2352">
     <span class='ocr_line' id='line_1_18' title="bbox 355 2130 533 2178; baseline 0 0"><span class='ocrx_word' id='word_1_122' title='bbox 355 2130 434 2178; x_wconf 86' lang='lat' dir='ltr'>Multa</span> <span class='ocrx_word' id='word_1_123' title='bbox 445 2131 533 2178; x_wconf 74' lang='lat' dir='ltr'>dmunt.</span> 
     </span>
     <span class='ocr_line' id='line_1_19' title="bbox 209 2208 822 2271; baseline 0.003 -15"><span class='ocrx_word' id='word_1_124' title='bbox 209 2208 357 2270; x_wconf 79' lang='lat' dir='ltr'>Nequaquam</span> <span class='ocrx_word' id='word_1_125' title='bbox 366 2211 423 2257; x_wconf 78' lang='lat' dir='ltr'>istuc</span> <span class='ocrx_word' id='word_1_126' title='bbox 433 2211 486 2256; x_wconf 81' lang='lat' dir='ltr'>istac</span> <span class='ocrx_word' id='word_1_127' title='bbox 496 2209 549 2260; x_wconf 75' lang='lat' dir='ltr'>ibit:</span> <span class='ocrx_word' id='word_1_128' title='bbox 565 2225 644 2271; x_wconf 70' lang='lat' dir='ltr'>magna</span> <span class='ocrx_word' id='word_1_129' title='bbox 653 2209 822 2271; x_wconf 73' lang='lat' dir='ltr'>inest‘cartatic.</span> 
     </span>
     <span class='ocr_line' id='line_1_20' title="bbox 208 2287 859 2352; baseline 0.005 -16"><span class='ocrx_word' id='word_1_130' title='bbox 208 2288 268 2336; x_wconf 82' lang='lat' dir='ltr'>Nam</span> <span class='ocrx_word' id='word_1_131' title='bbox 279 2293 303 2334; x_wconf 92' lang='lat' dir='ltr'>ut</span> <span class='ocrx_word' id='word_1_132' title='bbox 313 2303 355 2346; x_wconf 75' lang='lat' dir='ltr'>ego</span> <span class='ocrx_word' id='word_1_133' title='bbox 365 2289 410 2336; x_wconf 91' lang='lat' dir='ltr'>illis</span> <span class='ocrx_word' id='word_1_134' title='bbox 420 2289 566 2348; x_wconf 84' lang='lat' dir='ltr'>supplicarem</span> <span class='ocrx_word' id='word_1_135' title='bbox 574 2295 638 2336; x_wconf 85' lang='lat' dir='ltr'>tanta</span> <span class='ocrx_word' id='word_1_136' title='bbox 647 2287 859 2352; x_wconf 81' lang='lat' dir='ltr'>blandiloquentiai’</span> 
     </span>
    </p>
   </div>
   <div class='ocr_carea' id='block_1_4' title="bbox 91 2379 1064 2780">
    <p class='ocr_par' dir='ltr' id='par_1_5' title="bbox 148 2379 1064 2562">
     <span class='ocr_line' id='line_1_21' title="bbox 149 2379 1064 2462; baseline -0.001 -12"><span class='ocrx_word' id='word_1_137' title='bbox 149 2390 248 2450; x_wconf 86' lang='lat' dir='ltr'>Niobe</span> <span class='ocrx_word' id='word_1_138' title='bbox 260 2407 397 2462; x_wconf 81' lang='lat' dir='ltr'>parumne</span> <span class='ocrx_word' id='word_1_139' title='bbox 412 2379 577 2446; x_wconf 84' lang='lat' dir='ltr'>ratiocinari</span> <span class='ocrx_word' id='word_1_140' title='bbox 591 2389 714 2454; x_wconf 85' lang='lat' dir='ltr'>videtur,</span> <span class='ocrx_word' id='word_1_141' title='bbox 728 2395 758 2444; x_wconf 89' lang='lat' dir='ltr'>st</span> <span class='ocrx_word' id='word_1_142' title='bbox 771 2389 897 2461; x_wconf 82' lang='lat' dir='ltr'>sibiipsa</span> <span class='ocrx_word' id='word_1_143' title='bbox 912 2388 1013 2448; x_wconf 81' lang='lat' dir='ltr'>netari-</span> <span class='ocrx_word' id='word_1_144' title='bbox 1023 2386 1064 2449; x_wconf 80' lang='lat' dir='ltr'>tlt</span> 
     </span>
     <span class='ocr_line' id='line_1_22' title="bbox 148 2483 1014 2562; baseline -0.002 -14"><span class='ocrx_word' id='word_1_145' title='bbox 148 2507 195 2548; x_wconf 87' lang='lat' dir='ltr'>am</span> <span class='ocrx_word' id='word_1_146' title='bbox 222 2496 333 2562; x_wconf 87' lang='lat' dir='ltr'>pestem</span> <span class='ocrx_word' id='word_1_147' title='bbox 352 2485 535 2548; x_wconf 77' lang='lat' dir='ltr'>machinari?</span> <span class='ocrx_word' id='word_1_148' title='bbox 567 2483 676 2548; x_wconf 75' lang='lat' dir='ltr'>“lllud</span> <span class='ocrx_word' id='word_1_149' title='bbox 703 2502 774 2543; x_wconf 88' lang='lat' dir='ltr'>vero</span> <span class='ocrx_word' id='word_1_150' title='bbox 797 2502 883 2561; x_wconf 88' lang='lat' dir='ltr'>quam</span> <span class='ocrx_word' id='word_1_151' title='bbox 905 2488 1014 2546; x_wconf 89' lang='lat' dir='ltr'>callida</span> 
     </span>
    </p>

    <p class='ocr_par' dir='ltr' id='par_1_6' title="bbox 91 2577 284 2648">
     <span class='ocr_line' id='line_1_23' title="bbox 91 2577 284 2648; baseline -0.005 0"><span class='ocrx_word' id='word_1_152' title='bbox 91 2577 95 2586; x_wconf 52' lang='lat'><strong>⁴</strong></span> <span class='ocrx_word' id='word_1_153' title='bbox 146 2587 284 2648; x_wconf 84' lang='lat' dir='ltr'>ratione?</span> 
     </span>
    </p>

    <p class='ocr_par' dir='ltr' id='par_1_7' title="bbox 176 2704 924 2780">
     <span class='ocr_line' id='line_1_24' title="bbox 176 2704 924 2780; baseline -0.007 -23"><span class='ocrx_word' id='word_1_154' title='bbox 176 2707 198 2742; x_wconf 74' lang='lat'>⁸⁵</span> <span class='ocrx_word' id='word_1_155' title='bbox 208 2709 253 2761; x_wconf 78' lang='lat' dir='ltr'>Qui</span> <span class='ocrx_word' id='word_1_156' title='bbox 264 2708 312 2755; x_wconf 88' lang='lat' dir='ltr'>volt</span> <span class='ocrx_word' id='word_1_157' title='bbox 321 2705 446 2780; x_wconf 31' lang='lat' dir='ltr'>ersepquod</span> <span class='ocrx_word' id='word_1_158' title='bbox 457 2705 519 2768; x_wconf 75' lang='lat' dir='ltr'>volt5</span> <span class='ocrx_word' id='word_1_159' title='bbox 535 2707 568 2754; x_wconf 85' lang='lat' dir='ltr'>ita</span> <span class='ocrx_word' id='word_1_160' title='bbox 577 2706 617 2754; x_wconf 82' lang='lat' dir='ltr'>dat</span> <span class='ocrx_word' id='word_1_161' title='bbox 626 2721 650 2754; x_wconf 91' lang='lat' dir='ltr'>se</span> <span class='ocrx_word' id='word_1_162' title='bbox 659 2721 702 2766; x_wconf 77' lang='lat' dir='ltr'>res,</span> <span class='ocrx_word' id='word_1_163' title='bbox 712 2709 738 2754; x_wconf 88' lang='lat' dir='ltr'>ut</span> <span class='ocrx_word' id='word_1_164' title='bbox 752 2719 844 2769; x_wconf 79' lang='lat' dir='ltr'>operam</span> <span class='ocrx_word' id='word_1_165' title='bbox 853 2704 924 2753; x_wconf 87' lang='lat' dir='ltr'>debit.</span> 
     </span>
    </p>
   </div>
   <div class='ocr_carea' id='block_1_5' title="bbox 147 2811 864 2888">
    <p class='ocr_par' dir='ltr' id='par_1_8' title="bbox 147 2811 864 2888">
     <span class='ocr_line' id='line_1_25' title="bbox 147 2811 864 2888; baseline -0.007 -17"><span class='ocrx_word' id='word_1_166' title='bbox 147 2812 206 2888; x_wconf 77' lang='lat' dir='ltr'>Qui</span> <span class='ocrx_word' id='word_1_167' title='bbox 220 2819 264 2870; x_wconf 85' lang='lat' dir='ltr'>est</span> <span class='ocrx_word' id='word_1_168' title='bbox 280 2829 379 2868; x_wconf 89' lang='lat' dir='ltr'>versus</span> <span class='ocrx_word' id='word_1_169' title='bbox 393 2811 522 2870; x_wconf 89' lang='lat' dir='ltr'>omniurn</span> <span class='ocrx_word' id='word_1_170' title='bbox 537 2812 695 2870; x_wconf 87' lang='lat' dir='ltr'>seminator</span> <span class='ocrx_word' id='word_1_171' title='bbox 708 2813 864 2868; x_wconf 87' lang='lat' dir='ltr'>malorum:</span> 
     </span>
    </p>
   </div>
   <div class='ocr_carea' id='block_1_6' title="bbox 150 2911 966 3146">
    <p class='ocr_par' dir='ltr' id='par_1_9' title="bbox 150 2911 966 3146">
     <span class='ocr_line' id='line_1_26' title="bbox 207 2911 850 2987; baseline -0.006 -11"><span class='ocrx_word' id='word_1_172' title='bbox 207 2930 471 2980; x_wconf 65' lang='lat' dir='ltr'>internumerare</span> <span class='ocrx_word' id='word_1_173' title='bbox 482 2911 850 2987; x_wconf 69' lang='lat' dir='ltr'>mtnl&#39;uodlsusdlaitrepagulas</span> 
     </span>
     <span class='ocr_line' id='line_1_27' title="bbox 207 3002 966 3067; baseline -0.013 -7"><span class='ocrx_word' id='word_1_174' title='bbox 207 3007 293 3060; x_wconf 79' lang='lat' dir='ltr'>Quibus</span> <span class='ocrx_word' id='word_1_175' title='bbox 303 3024 344 3067; x_wconf 79' lang='lat' dir='ltr'>ego</span> <span class='ocrx_word' id='word_1_176' title='bbox 354 3009 409 3056; x_wconf 87' lang='lat' dir='ltr'>iram</span> <span class='ocrx_word' id='word_1_177' title='bbox 419 3023 505 3056; x_wconf 77' lang='lat' dir='ltr'>ornnem</span> <span class='ocrx_word' id='word_1_178' title='bbox 519 3009 638 3064; x_wconf 85' lang='lat' dir='ltr'>recludam,</span> <span class='ocrx_word' id='word_1_179' title='bbox 647 3012 715 3066; x_wconf 76' lang='lat' dir='ltr'>atque</span> <span class='ocrx_word' id='word_1_180' title='bbox 724 3005 759 3052; x_wconf 89' lang='lat' dir='ltr'>illi</span> <span class='ocrx_word' id='word_1_181' title='bbox 768 3002 886 3066; x_wconf 84' lang='lat' dir='ltr'>perniciem</span> <span class='ocrx_word' id='word_1_182' title='bbox 894 3002 966 3050; x_wconf 77' lang='lat' dir='ltr'>dabor</span> 
     </span>
     <span class='ocr_line' id='line_1_28' title="bbox 150 3084 888 3146; baseline -0.008 -7"><span class='ocrx_word' id='word_1_183' title='bbox 150 3101 158 3118; x_wconf 73' lang='lat'>⁸</span> <span class='ocrx_word' id='word_1_184' title='bbox 205 3087 268 3138; x_wconf 85' lang='lat' dir='ltr'>Mihi</span> <span class='ocrx_word' id='word_1_185' title='bbox 278 3103 397 3146; x_wconf 75' lang='lat' dir='ltr'>maerores,</span> <span class='ocrx_word' id='word_1_186' title='bbox 407 3089 441 3136; x_wconf 92' lang='lat' dir='ltr'>illi</span> <span class='ocrx_word' id='word_1_187' title='bbox 452 3091 534 3138; x_wconf 82' lang='lat' dir='ltr'>luctum</span> <span class='ocrx_word' id='word_1_188' title='bbox 544 3089 656 3143; x_wconf 63' lang='lat' dir='ltr'>:mitium</span> <span class='ocrx_word' id='word_1_189' title='bbox 664 3087 705 3145; x_wconf 82' lang='lat' dir='ltr'>llll,</span> <span class='ocrx_word' id='word_1_190' title='bbox 715 3085 816 3136; x_wconf 86' lang='lat' dir='ltr'>exsilium</span> <span class='ocrx_word' id='word_1_191' title='bbox 825 3084 888 3133; x_wconf 88' lang='lat' dir='ltr'>mihi.</span> 
     </span>
    </p>
   </div>
   <div class='ocr_carea' id='block_1_7' title="bbox 145 3222 1012 3347">
    <p class='ocr_par' dir='ltr' id='par_1_10' title="bbox 145 3222 1012 3347">
     <span class='ocr_line' id='line_1_29' title="bbox 162 3222 1012 3288; baseline -0.006 -13"><span class='ocrx_word' id='word_1_192' title='bbox 162 3226 186 3260; x_wconf 74' lang='lat'>⁹¹</span> <span class='ocrx_word' id='word_1_193' title='bbox 200 3229 344 3276; x_wconf 66' lang='lat' dir='ltr'>mammatae</span> <span class='ocrx_word' id='word_1_194' title='bbox 354 3226 544 3288; x_wconf 76' lang='lat' dir='ltr'>reluahumanr&#39;s]</span> <span class='ocrx_word' id='word_1_195' title='bbox 555 3241 584 3274; x_wconf 80' lang='lat' dir='ltr'>aa.</span> <span class='ocrx_word' id='word_1_196' title='bbox 597 3227 643 3274; x_wconf 90' lang='lat' dir='ltr'>Dii.</span> <span class='ocrx_word' id='word_1_197' title='bbox 663 3226 708 3273; x_wconf 79' lang='lat' dir='ltr'>Sed</span> <span class='ocrx_word' id='word_1_198' title='bbox 717 3225 764 3273; x_wconf 89' lang='lat' dir='ltr'>Ms.</span> <span class='ocrx_word' id='word_1_199' title='bbox 774 3223 848 3272; x_wconf 87' lang='lat' dir='ltr'>Gueit.</span> <span class='ocrx_word' id='word_1_200' title='bbox 859 3222 927 3270; x_wconf 84' lang='lat' dir='ltr'>hahet</span> <span class='ocrx_word' id='word_1_201' title='bbox 936 3233 1012 3270; x_wconf 79' lang='lat' dir='ltr'>conru-</span> 
     </span>
     <span class='ocr_line' id='line_1_30' title="bbox 145 3281 1009 3347; baseline -0.008 -14"><span class='ocrx_word' id='word_1_202' title='bbox 145 3285 424 3345; x_wconf 65' lang='lat' dir='ltr'>iuturnerehushumonia</span> <span class='ocrx_word' id='word_1_203' title='bbox 431 3287 489 3347; x_wconf 89' lang='lat' dir='ltr'>quod</span> <span class='ocrx_word' id='word_1_204' title='bbox 497 3287 549 3334; x_wconf 86' lang='lat' dir='ltr'>mihi</span> <span class='ocrx_word' id='word_1_205' title='bbox 557 3286 635 3333; x_wconf 84' lang='lat' dir='ltr'>melius</span> <span class='ocrx_word' id='word_1_206' title='bbox 643 3283 783 3332; x_wconf 83' lang='lat' dir='ltr'>antecedenti</span> <span class='ocrx_word' id='word_1_207' title='bbox 791 3281 1009 3330; x_wconf 81' lang='lat' dir='ltr'>convenirevidetur.</span> 
     </span>
    </p>
   </div>
   <div class='ocr_carea' id='block_1_8' title="bbox 173 3364 826 3506">
    <p class='ocr_par' dir='ltr' id='par_1_11' title="bbox 173 3364 816 3506">
     <span class='ocr_line' id='line_1_31' title="bbox 173 3364 714 3424; baseline -0.004 -12"><span class='ocrx_word' id='word_1_208' title='bbox 173 3364 196 3398; x_wconf 58' lang='grc' dir='ltr'><strong><em>ω</em></strong></span> <span class='ocrx_word' id='word_1_209' title='bbox 210 3369 237 3412; x_wconf 85' lang='lat' dir='ltr'>ut</span> <span class='ocrx_word' id='word_1_210' title='bbox 246 3365 346 3424; x_wconf 79' lang='lat' dir='ltr'>fulsura]</span> <span class='ocrx_word' id='word_1_211' title='bbox 362 3366 444 3415; x_wconf 79' lang='lat' dir='ltr'>conradi</span> <span class='ocrx_word' id='word_1_212' title='bbox 455 3365 579 3413; x_wconf 81' lang='lat' dir='ltr'>hominihus</span> <span class='ocrx_word' id='word_1_213' title='bbox 589 3381 602 3411; x_wconf 89' lang='lat' dir='ltr'>a</span> <span class='ocrx_word' id='word_1_214' title='bbox 614 3365 660 3418; x_wconf 78' lang='lat' dir='ltr'>llis.</span> <span class='ocrx_word' id='word_1_215' title='bbox 670 3369 714 3410; x_wconf 83' lang='lat' dir='ltr'>etc.</span> 
     </span>
     <span class='ocr_line' id='line_1_32' title="bbox 173 3440 826 3506; baseline -0.007 -15.742"><span class='ocrx_word' id='word_1_216' title='bbox 173 3443 277 3492; x_wconf 74' lang='lat' dir='ltr'>uillud</span> <span class='ocrx_word' id='word_1_217' title='bbox 291 3459 348 3500; x_wconf 79' lang='lat' dir='ltr'>cera,</span> <span class='ocrx_word' id='word_1_218' title='bbox 359 3451 401 3491; x_wconf 89' lang='lat' dir='ltr'>etc.</span> <span class='ocrx_word' id='word_1_219' title='bbox 404 3445 413 3506; x_wconf 95' lang='lat'><strong>]</strong></span> <span class='ocrx_word' id='word_1_220' title='bbox 424 3446 538 3506; x_wconf 79' lang='lat' dir='ltr'>sequentia</span> <span class='ocrx_word' id='word_1_221' title='bbox 548 3445 577 3491; x_wconf 90' lang='lat' dir='ltr'>ad</span> <span class='ocrx_word' id='word_1_222' title='bbox 588 3443 696 3490; x_wconf 84' lang='lat' dir='ltr'>Medeam</span> <span class='ocrx_word' id='word_1_223' title='bbox 707 3440 826 3502; x_wconf 79' lang='lat' dir='ltr'>pertinent.</span> 
     </span>
    </p>
   </div>
   <div class='ocr_carea' id='block_1_9' title="bbox 125 3515 1010 3645">
    <p class='ocr_par' dir='ltr' id='par_1_12' title="bbox 125 3515 1010 3645">
     <span class='ocr_line' id='line_1_33' title="bbox 125 3515 1010 3593; baseline -0.008 -16"><span class='ocrx_word' id='word_1_224' title='bbox 125 3520 127 3524; x_wconf 67' lang='grc'><strong>’</strong></span> <span class='ocrx_word' id='word_1_225' title='bbox 174 3521 196 3555; x_wconf 78' lang='lat'>⁹⁵</span> <span class='ocrx_word' id='word_1_226' title='bbox 210 3524 259 3575; x_wconf 77' lang='lat' dir='ltr'>Qut</span> <span class='ocrx_word' id='word_1_227' title='bbox 268 3525 376 3574; x_wconf 80' lang='lat' dir='ltr'>vulterre</span> <span class='ocrx_word' id='word_1_228' title='bbox 386 3525 444 3593; x_wconf 77' lang='lat' dir='ltr'>quod</span> <span class='ocrx_word' id='word_1_229' title='bbox 453 3525 510 3588; x_wconf 76' lang='lat' dir='ltr'>cult}</span> <span class='ocrx_word' id='word_1_230' title='bbox 532 3523 610 3570; x_wconf 85' lang='lat' dir='ltr'>addidi</span> <span class='ocrx_word' id='word_1_231' title='bbox 628 3536 678 3570; x_wconf 86' lang='lat' dir='ltr'>cum</span> <span class='ocrx_word' id='word_1_232' title='bbox 687 3519 781 3572; x_wconf 83' lang='lat' dir='ltr'>Dariaio</span> <span class='ocrx_word' id='word_1_233' title='bbox 795 3533 845 3580; x_wconf 78' lang='lat' dir='ltr'>arte,</span> <span class='ocrx_word' id='word_1_234' title='bbox 860 3519 919 3583; x_wconf 81' lang='lat' dir='ltr'>quod</span> <span class='ocrx_word' id='word_1_235' title='bbox 936 3515 1010 3570; x_wconf 78' lang='lat' dir='ltr'>diets</span> 
     </span>
     <span class='ocr_line' id='line_1_34' title="bbox 143 3579 412 3645; baseline 0.004 -17"><span class='ocrx_word' id='word_1_236' title='bbox 143 3579 243 3642; x_wconf 81' lang='lat' dir='ltr'>pluribus</span> <span class='ocrx_word' id='word_1_237' title='bbox 254 3583 309 3630; x_wconf 81' lang='lat' dir='ltr'>Mra.</span> <span class='ocrx_word' id='word_1_238' title='bbox 321 3588 412 3645; x_wconf 80' lang='lat' dir='ltr'>reperti.</span> 
     </span>
    </p>
   </div>
   <div class='ocr_carea' id='block_1_10' title="bbox 183 3665 614 3724">
    <p class='ocr_par' dir='ltr' id='par_1_13' title="bbox 183 3665 614 3724">
     <span class='ocr_line' id='line_1_35' title="bbox 183 3665 614 3724; baseline -0.005 -3"><span class='ocrx_word' id='word_1_239' title='bbox 183 3679 254 3723; x_wconf 82' lang='lat' dir='ltr'>rou</span> <span class='ocrx_word' id='word_1_240' title='bbox 268 3681 319 3724; x_wconf 80' lang='lat' dir='ltr'>xv.</span> <span class='ocrx_word' id='word_1_241' title='bbox 576 3665 614 3720; x_wconf 82' lang='lat' dir='ltr'>aa</span> 
     </span>
    </p>
   </div>
   <div class='ocr_carea' id='block_1_11' title="bbox 0 0 1274 4188">
    <p class='ocr_par' dir='ltr' id='par_1_14' title="bbox 0 0 1274 4188">
     <span class='ocr_line' id='line_1_36' title="bbox 0 0 1274 4188; baseline 0 4"><span class='ocrx_word' id='word_1_242' title='bbox 0 0 1274 4188; x_wconf 95' lang='lat' dir='ltr'> </span> 
     </span>
    </p>
   </div>
  </div>
 </body>
</html>
