2558 4198
246 321 310 382 350
496 316 540 366 DE
561 315 700 366 asaban
721 317 865 368 DEORUM

244 465 1022 542 ejustaotusest‚nonuttepot'aoiatsolum,sedetiam
1033 487 1120 546 saepe

244 565 402 620 comburat.
445 565 573 636 Quorum
587 571 720 624 neutrum
735 567 854 634 laceret,
876 568 1027 626 uiolasset
1042 570 1121 644 igne·

243 679 286 720 us.
314 663 401 738 Ergo,
415 663 516 738 inquit,
525 681 592 722 oum
603 668 646 722 sol
658 667 760 740 igneus
774 666 824 732 sit,
840 667 1011 742 Oceanique
1024 670 1118 726 matur

242 761 417 830 humoribus,
431 763 499 837 quia
513 765 608 820 nullus
621 763 698 838 iguis
720 765 785 822 sine
811 771 893 838 pastu
914 766 1012 841 aliquo
1026 766 1116 840 possit

241 879 429 936 permanere:
451 869 572 920 necesse
586 869 640 930 est,
661 869 712 920 aut
725 864 753 920 ei
767 863 873 922 similis
887 863 925 921 sil
946 864 1017 938 igni,
1027 881 1116 941 vquem

241 962 412 1020 adhibemus
438 961 475 1018 all
500 979 583 1034 usum
607 967 693 1037 atque
717 963 754 1020 ad
782 964 913 1032 victum
935 969 984 1020 aut
1009 963 1047 1031 ei,
1068 962 1118 1038 qui

240 1063 407 1134 corporibus
420 1062 612 1120 animantium
625 1062 800 1120 continetur.
844 1065 944 1136 Atque
956 1062 1005 1119 hic
1017 1069 1116 1122 noster

241 1160 328 1234 ignis,
342 1178 427 1234 quern
442 1179 510 1218 usus
525 1161 605 1219 vitae
621 1159 749 1234 requirit,
771 1160 980 1218 coniectarent
1001 1168 1032 1218 et
1045 1179 1116 1218 con·

240 1266 349 1316 sumtor
362 1261 501 1326 omnium,
515 1259 659 1334 idemque,
673 1275 854 1333 quocumque
873 1259 994 1326 invasit,
1007 1266 1116 1318 cuncta

238 1358 380 1417 disturbat
394 1375 430 1416 ac
453 1359 583 1432 dissipat.
626 1359 736 1416 Contra
750 1359 802 1414 ille
827 1376 991 1432 corporeus,
1017 1358 1114 1415 vitalis

240 1463 270 1516 el
294 1459 437 1526 salutaria,
461 1457 559 1514 omnia
583 1463 750 1524 conservat,
774 1458 837 1524 alit,
858 1464 955 1531 auget,
978 1461 1115 1526 sustinet,

239 1577 382 1634 sensuque
409 1559 508 1618 allicit.
550 1558 649 1630 Negat
671 1575 741 1631 ergo
763 1575 827 1614 esse
855 1559 984 1624 dubium,
1012 1559 1115 1616 borum

239 1658 351 1733 ignium
365 1661 407 1716 sol
423 1658 477 1716 utri
491 1657 594 1714 similis
619 1657 666 1723 sit,
691 1673 757 1714 cum
779 1656 803 1712 is
822 1674 935 1730 quaeque
951 1656 1068 1724 afficiat,
1082 1661 1114 1714 ut

238 1760 338 1815 omnia
352 1759 481 1821 floreant,
495 1769 525 1813 ct
540 1755 570 1812 iu
585 1773 638 1812 auo
661 1773 791 1829 quaeque
813 1773 920 1828 genere
942 1757 1110 1828 pubescant.

240 1859 335 1928 Quare
350 1875 417 1914 cum
444 1859 514 1912 solie
536 1855 612 1928 ignis
627 1855 731 1912 similis
746 1872 844 1912 eorum
859 1853 972 1928 ignium
995 1855 1043 1920 sit,
1063 1854 1114 1928 qui

238 1960 304 2034 aaut
332 1956 362 2010 in
386 1955 552 2026 corporibus
577 1954 784 2012 animantium:
805 1956 898 2012 solem
921 1971 1034 2028 quoque
1049 1952 1111 2012 ani·

237 2059 366 2110 iurantem
380 2053 454 2108 esse'
465 2057 589 2124 oportet,
604 2059 634 2108 el
657 2054 775 2126 quidem
802 2054 914 2128 reliqua
935 2058 1021 2120 astra,
1036 2070 1110 2125 quaa

237 2153 364 2208 oriantur
386 2153 417 2208 in
442 2153 544 2208 artiore
568 2152 701 2218 caelesti,
721 2153 770 2226 qui
795 2155 904 2222 aellrcr,
920 2155 968 2210 vel
995 2155 1111 2211 osclum

237 2252 411 2308 nominatur.
455 2251 530 2308 Cum
545 2251 633 2324 igitur
647 2251 768 2310 aliorum
783 2253 975 2312 animantium
990 2257 1069 2308 ortus
1079 2251 1112 2326 in

237 2356 311 2406 terra
326 2350 372 2418 sit,
387 2350 507 2408 aliorum
519 2351 548 2406 in
568 2369 652 2424 aqua,
667 2351 696 2408 iu
712 2351 779 2408 abre
790 2351 932 2410 aliorum:
954 2352 1110 2410 absurdum

236 2467 300 2506 esse
318 2450 470 2508 Aristoteli
489 2450 612 2517 videbar,
628 2452 658 2508 in
673 2468 709 2508 ea
723 2456 815 2524 parte,
834 2459 907 2524 quae
926 2450 965 2508 sit
987 2451 1030 2512 sul¹
1047 2449 1110 2524 gig·

235 2552 334 2608 nenda
347 2549 485 2608 animalia
507 2549 666 2622 aptissima,
680 2549 789 2608 animal
810 2549 893 2623 gigni
919 2550 1032 2610 nullum
1059 2566 1110 2621 pu·

235 2655 307 2708 tare,
360 2650 463 2706 Sidera
493 2653 590 2704 autem
624 2649 792 2706 aethereum
819 2650 915 2706 locam
948 2648 1106 2712 obtineut;

234 2748 433 2824 quiquoniam
461 2747 645 2804 tenuissimus
669 2753 722 2814 est,
736 2754 766 2805 et
780 2765 894 2820 semper
917 2746 1052 2821 agitatur,
1076 2751 1109 2804 et

234 2849 316 2922 viget
326 2868 332 2904 :
342 2889 344 2894 .
354 2865 475 2905 necesso
489 2851 543 2916 est,
557 2849 632 2922 quod
647 2849 756 2906 animal
771 2847 801 2904 in
816 2865 853 2904 eo
868 2846 1058 2920 gignatur„itl
1073 2851 1106 2908 er

234 2965 321 3004 sensu
334 2946 484 3013 acerrimo,
499 2952 529 3002 el
543 2946 704 3004 mobilitate
723 2947 876 3005 celerrima
891 2961 964 3002 esse.
1008 2946 1107 3016 Quare

232 3060 299 3104 cum
314 3047 344 3103 ia
356 3047 473 3104 aethere
488 3050 565 3101 astra
578 3045 742 3119 gignantur,
756 3050 986 3105 consentaneum
1004 3050 1059 3111 est,
1073 3044 1107 3104 in

232 3147 269 3204 iis
283 3163 399 3204 sensum
422 3126 528 3212 inesse,
542 3150 572 3201 et
596 3143 832 3218 intelligentiam.
848 3163 885 3201 ex
901 3160 958 3218 quo
972 3145 1107 3216 efficitur,

184 3255 222 3310 16
233 3248 262 3304 in
278 3247 396 3302 deorum
417 3260 534 3302 numero
545 3248 622 3298 aetra
635 3261 699 3299 esse
714 3245 855 3318 ducenda.
898 3243 1017 3300 Etenim
1033 3243 1108 3302 licet

232 3346 334 3404 videre
348 3343 488 3402 acutiora,
498 3341 626 3416 ingenia,
641 3347 671 3398 et
694 3343 732 3399 ad
756 3342 979 3416 intelligendum
994 3341 1108 3414 aptiora

135 3443 139 3448 ’
232 3444 402 3514 commoni
419 3451 507 3500 terras
522 3443 654 3500 incolant
667 3459 726 3510 eas,
740 3441 770 3499 in
788 3443 889 3516 quibus
904 3441 956 3498 a‘cr
969 3441 1005 3498 sil
1019 3458 1106 3514 purus

231 3560 267 3598 ac
291 3543 395 3608 lenuis,
410 3559 495 3615 quarn
509 3543 633 3610 illorum,
657 3541 705 3616 qui
720 3547 836 3600 utantur
850 3559 952 3600 craeso.
966 3543 1050 3598 caelo
1063 3544 1105 3598 ets
