2558 4198
249 239 315 310 350
506 227 868 282 oansrnaaoaoaoar

249 401 319 448 uem
339 378 483 442 metretis
502 380 632 440 omnium
658 379 761 455 spatiis
784 387 830 440 est
852 382 933 441 taeta
954 387 1124 448 ooaverrio,

248 482 270 518 ⁸⁷
286 483 370 555 Quae
388 499 475 558 quam
498 483 586 556 ionga
607 481 655 548 sit,
676 497 783 556 magna
807 482 940 556 quaestio
961 491 1024 542 eat:
1054 505 1122 548 esre

248 599 322 642 vero
345 587 467 649 oertam,
488 586 520 638 et
543 580 703 646 definitam,
728 595 850 640 neeesse
875 587 929 640 eat.
970 585 1050 642 Nam
1073 603 1122 656 ea,

248 701 323 760 quae
335 680 454 740 Saturni
465 682 552 739 stelle
565 681 681 747 dieitur,
694 689 841 755 puraque
855 699 873 738 e
894 681 1019 742 Graecis
1033 684 1125 744 nomi·

248 789 344 848 natur,
357 798 431 856 quae
455 789 563 838 eterra
576 781 659 838 abeat
683 783 847 854 plurimum,
870 798 935 838 xxx
955 783 1016 840 sere
1036 784 1121 844 anaia

249 897 367 942 eorsum
384 897 468 940 auum
486 879 616 938 oonioit.
630 879 661 938 in
675 898 734 954 quo
746 897 831 939 eursu
846 884 938 940 motta
951 881 1123 944 mirabiliter

250 982 391 1049 efficiens,
419 986 481 1040 tum
514 979 726 1047 antecedendo,
756 986 817 1038 tum
851 981 1034 1048 retardando,
1061 987 1124 1042 tom

251 1079 427 1153 vespertinis
454 1079 629 1153 temporibus
652 1078 863 1146 detiteaeeodo,
887 1084 948 1138 tuna
972 1079 1122 1140 matutinis

250 1197 361 1238 rursum
375 1196 408 1236 re
420 1178 587 1252 aperiendo,
601 1177 674 1235 nihii
695 1177 829 1236 immutat
851 1179 1036 1252 sempiternis
1060 1197 1124 1236 sne·

251 1281 382 1338 autorum
407 1277 560 1342 aetatibus,
586 1276 657 1351 quin
684 1277 788 1334 eadem
815 1277 920 1336 iisdem
942 1279 1121 1352 temporibus

251 1377 368 1438 etiioiat.
409 1375 489 1434 lutra
510 1382 608 1434 eutem
638 1375 715 1432 bano
733 1372 856 1450 'propius
887 1395 905 1434 a
933 1382 1008 1436 terra
1034 1377 1123 1437 Jovis

250 1479 337 1536 stelin
349 1476 447 1542 fertur,
460 1491 533 1550 quae
548 1480 642 1546 partus
664 1473 791 1533 dieitur:
816 1493 909 1552 eaque
933 1477 1058 1536 eundem
1072 1494 1124 1538 ιιι

250 1575 398 1652 signorum
411 1577 510 1634 orbem
524 1575 610 1634 annis
630 1593 675 1634 ιιι
699 1575 829 1643 oonfioit,
843 1577 1029 1650 easdemque,
1051 1593 1123 1652 qnae

253 1676 372 1736 Saturni
397 1675 492 1742 atella,
518 1674 609 1734 effluit
635 1674 668 1733 in
695 1692 781 1734 ouran
818 1675 987 1732 varietates.
1042 1675 1123 1736 Huio

251 1782 350 1836 autem
369 1774 390 1808 ω
401 1774 532 1850 proxime
542 1774 708 1834 interiorem
722 1778 822 1834 orbem
836 1780 919 1832 tenet
932 1797 1038 1854 urgear,
1048 1792 1124 1852 quoe

252 1877 338 1936 stella
352 1875 457 1934 Martia
470 1876 647 1948 appellatur:
676 1893 768 1950 eaque
783 1893 834 1932 1111
849 1879 879 1932 et
903 1893 946 1934 xx
966 1877 1125 1945 mensibus,

252 1993 296 2042 vr,
309 1979 341 2030 ut
354 1973 467 2048 opinor,
480 1973 583 2031 diebus
605 1974 711 2042 minus,
735 1975 862 2032 eundem
885 1976 988 2032 lustrat
1014 1977 1125 2044 orbem,

238 2077 339 2150 'quem
351 2071 426 2128 duae
446 2070 616 2142 superiores.
638 2071 713 2130 intra
726 2073 803 2131 bano
824 2079 922 2132 autem
944 2075 1030 2134 steila
1046 2074 1125 2132 Mer·

253 2173 326 2236 aurii
341 2177 394 2230 eat.
408 2189 444 2229 ea
459 2178 571 2238 erutam
585 2173 776 2256 appellatura
789 2173 932 2232 Graecis:
957 2191 1032 2248 quae
1046 2190 1126 2234 anno

253 2275 313 2333 iere
329 2275 462 2330 vertente
475 2271 645 2344 signiferum
660 2272 760 2329 lustrat
779 2274 889 2340 orbem,
913 2289 1040 2348 nequeo
1061 2275 1125 2332 sole

253 2371 369 2446 longius
386 2387 521 2446 umquam
534 2369 619 2429 unios
638 2369 717 2446 rigni
737 2369 896 2430 intervallo
913 2370 1049 2440 discedit,
1062 2377 1126 2432 tum

253 2477 452 2541 antevertenr,
476 2474 538 2530 tom
558 2474 748 2547 subsequens.
798 2471 905 2532 labara
931 2477 977 2530 eat
998 2472 1125 2548 quinque

254 2573 420 2640 errantium,
434 2577 583 2645 terraeque
597 2570 737 2644 proxima,
752 2571 838 2629 atella
850 2571 985 2640 Veneris,
995 2583 1126 2660 φυσφςις

254 2675 380 2742 (irruere,
407 2672 527 2730 Lueiter
552 2672 660 2730 Latine
686 2671 802 2740 dieitur,
826 2690 893 2732 enm
926 2677 1125 2750 antegreditur

253 2777 363 2835 solem:
383 2789 449 2830 oum
463 2769 644 2846 subsequitur
662 2778 770 2840 autem,
795 2773 951 2846 Hesperos.
993 2777 1037 2834 Es
1062 2793 1126 2834 our·

253 2892 317 2934 eom
336 2890 415 2932 anno
434 2871 563 2938 eonfioit,
583 2876 614 2930 et
639 2872 823 2931 latitudinem
847 2875 970 2931 lustrans
993 2851 1126 2948 signiferi

253 2975 341 3041 orbis,
364 2977 396 3032 et
414 2969 644 3046 longitudinem:
687 2973 763 3044 quod
785 2970 863 3030 idem
885 2972 998 3029 tseiunt
1019 2976 1125 3030 stellae

254 3073 432 3150 superiores:
460 3088 554 3146 neque
568 3086 703 3146 nmquam
716 3072 753 3126 ab
767 3073 828 3127 sole
842 3072 962 3128 duorum
976 3071 1124 3146 signorum

284 3229 460 3288 saeuasque
475 3223 602 3286 laugerii]
634 3223 797 3272 Debebateaae
811 3225 925 3296 quiqrrum
943 3226 1068 3285 longoreti,
1079 3229 1124 3274 ete.

270 3289 307 3334 uia
316 3287 414 3348 pertinet
429 3285 458 3330 ad
469 3299 550 3330 annum
568 3297 685 3342 magnum:
711 3289 778 3345 atque
793 3283 826 3330 ita
843 3285 962 3333 ruebatur
971 3285 1127 3344 corrigendum

279 3347 355 3394 avinio.
370 3345 408 3392 red
418 3343 498 3390 Cicero
508 3341 585 3390 retulit
595 3343 623 3388 ad
634 3342 800 3391 aaronem.

284 3426 306 3457 ⁶⁸
319 3425 419 3493 proxime
427 3421 576 3492 inferiorem]
608 3419 652 3467 Hic
668 3435 756 3492 quoque
766 3421 788 3468 in
799 3405 895 3483 vulgatis
903 3424 1005 3482 proxim
1014 3427 1127 3494 mutatum

254 3484 474 3588 Qffessffmm’
490 3488 559 3544 atque
568 3479 626 3530 allud
635 3482 797 3532 restituendum
812 3497 840 3533 ex
856 3483 971 3534 latinitate
989 3487 1052 3533 reete
1069 3483 1127 3530 vidrt
1170 3509 1175 3520 =
