2326 4066
180 246 244 307 42⁶
427 236 472 297 DE
492 238 630 289 aarum
650 238 793 289 DEORUM

180 408 228 473 tis,
241 405 331 480 pluris
350 423 383 463 se
396 412 507 480 putare,
528 426 613 484 qnam
633 411 781 466 mundum.
824 408 867 466 At
889 406 961 464 illud
986 406 1049 464 noia

180 508 269 565 morlo
290 524 348 562 non
370 510 539 581 anogantts,
566 509 618 564 serl
640 509 734 579 matur
763 506 920 581 partientis,
939 505 1049 562 intelli-

181 624 261 681 gere.
282 623 314 662 ee
338 606 444 662 hahere
471 623 587 663 sensum
608 614 639 662 el
663 606 825 675 rationem3
845 609 920 674 haec
944 606 1049 662 cadem

183 706 323 765 Orionem
342 709 374 761 et
400 705 574 761 Caniculam
599 722 657 762 non
682 707 796 762 hahere.
838 706 887 771 Et,
901 705 927 761 si
949 705 1052 761 domus

183 807 282 879 pulcra
296 804 344 869 sit,
358 803 555 877 intelligamus
569 821 633 858 eam
653 805 787 867 dominis,
801 803 904 877 inquit,
916 803 1050 860 aedifica·

185 910 340 970 tamesae,
364 920 422 959 noa
448 902 581 958 muribus.
595 902 639 957 sic
659 903 748 976 igitur
771 904 907 958 mundum
932 904 1051 959 deornm

179 1003 303 1077 *domum
325 1001 493 1058 existimare
506 1001 655 1056 (labemus.
697 1002 741 1056 lta
765 1019 878 1074 prorsus
903 1000 1053 1058 existima-

185 1103 294 1165 remei
310 1101 391 1156 illurn
412 1101 605 1165 aerliticatum,
629 1116 698 1164 non,
711 1102 952 1174 quemadmodum
965 1101 1053 1158 doce·

185 1202 263 1267 bo,a
283 1206 385 1255 natura
398 1198 607 1256 conformatum
622 1205 760 1272 putarem.

135 1289 171 1349 ll
227 1300 269 1356 At
292 1297 372 1353 enim
405 1297 516 1372 quaerit
543 1299 618 1371 apud
653 1298 879 1371 Xenophontem
905 1298 1054 1367 Socraten,

179 1396 206 1431 ²
219 1399 296 1454 unde
309 1397 436 1453 animum
451 1397 662 1470 arripuerimus,
675 1398 701 1455 si
722 1401 817 1457 nullus
830 1399 915 1455 inerit
928 1398 959 1454 in
972 1414 1056 1456 muu-

185 1497 233 1554 do.
272 1497 313 1554 Et
325 1514 382 1570 ego
402 1513 518 1570 quaero,
531 1498 610 1554 unde
629 1499 799 1564 orationem,
811 1499 889 1555 unde
908 1514 1055 1566 numeros,

186 1597 264 1653 ande
277 1600 389 1653 oaatua
432 1595 499 1652 Nisi
515 1613 585 1652 vero
606 1578 684 1672 loqui
707 1601 798 1655 solem
812 1615 878 1654 cum
891 1599 960 1656 luna
975 1602 1056 1670 puta·

187 1713 260 1763 mus,
273 1712 339 1752 cum
361 1694 477 1768 pronius
501 1697 668 1764 accesserit,
691 1701 741 1754 aut
762 1698 797 1753 ad
814 1695 992 1754 harmoniam
1007 1713 1054 1752 ca-

186 1812 258 1852 nore
286 1795 433 1861 mundum,
456 1799 488 1852 ut
516 1795 696 1870 Pythagoras
722 1796 880 1853 existimat.
922 1797 1054 1852 Naturae

186 1893 243 1948 ista
257 1898 333 1957 sunt,
347 1893 450 1958 Balbe,
472 1900 602 1960 naturae,
615 1910 674 1951 nou
688 1894 845 1951 artificiose
869 1893 1056 1960 ambulantia,

185 1993 218 2045 ut
242 1989 284 2044 ait
299 1989 392 2053 Zeno,
407 1991 481 2060 quon
495 1990 610 2061 quidem
631 1994 716 2063 quale
735 1993 783 2057 eit,
800 1991 864 2063 jam
881 1990 1058 2060 videbimus,

186 2089 238 2145 red
252 2085 350 2144 omnia
364 2085 471 2141 cientis
480 2091 509 2141 et
520 2086 657 2158 agitantia
669 2087 792 2144 motibus
802 2093 832 2144 et
846 2088 1057 2149 mutationibus

187 2187 255 2243 suis.
298 2187 399 2258 ltaque
413 2185 464 2240 illa
478 2183 550 2240 mihi
568 2186 704 2257 placebat
717 2185 810 2242 oratio
823 2188 860 2244 de
875 2188 1056 2247 convenien-

187 2283 239 2349 tia,
264 2298 466 2357 consensuque
485 2281 647 2351 ”ntturae
667 2301 751 2359 quam
772 2286 854 2358 quasi
878 2287 1054 2362 cognatione

186 2381 389 2440 continuatam
411 2381 578 2455 conspirare
604 2383 732 2441 dicebas.
774 2387 850 2444 Illud
872 2404 930 2444 uon
951 2387 1055 2458 proba·

187 2484 265 2550 bam,
290 2483 366 2556 quod
393 2482 520 2554 negabas
546 2481 576 2536 iu
600 2483 738 2540 accidere
748 2484 887 2557 potuisse,
906 2483 925 2516 ³¹
938 2484 995 2544 nisi
1018 2503 1053 2542 ea

188 2599 248 2639 uno
261 2577 365 2638 divino
379 2580 481 2652 spiritu
500 2579 707 2638 contineretur.
749 2584 805 2641 llla
819 2600 889 2640 vero
909 2585 1055 2652 cohaeret,

105 2763 115 2771 ·
189 2685 220 2737 et
234 2682 383 2753 permanet
396 2682 516 2734 naturae
531 2676 650 2746 viribus,
671 2697 729 2738 non
751 2682 887 2738 deorum:
908 2687 1009 2757 estque
1022 2682 1054 2740 in

207 2854 230 2886 2¹³
239 2853 300 2899 uada
308 2852 426 2899 animum·
437 2852 581 2914 -nnullrol
600 2851 637 2898 Sic
651 2853 775 2911 legendum,
786 2869 831 2901 non
839 2857 955 2902 anianum
966 2857 1055 2913 nnllc,

188 2917 213 2958 ut
224 2912 308 2969 vulgati
320 2911 411 2957 habent.
422 2911 479 2957 illud
488 2912 531 2957 luit
548 2911 570 2957 in
583 2913 627 2958 Ms.
640 2912 697 2968 aeg.
710 2913 777 2959 Paris.
790 2914 821 2961 sic
829 2923 853 2960 et
862 2913 964 2961 librarius
973 2915 996 2961 in
1006 2915 1054 2962 Ma.

189 2971 263 3018 Guell.
275 2971 329 3016 dare
338 2969 417 3015 voluit.
429 2985 480 3016 nam
492 2971 524 3014 ibi
533 2975 567 3016 est
576 2969 665 3030 quidem
674 2970 782 3027 animam,
792 2973 830 3018 sed
840 2976 927 3026 nunna.
938 2973 994 3019 utin
1005 2974 1052 3021 Ms.

189 3044 258 3089 marg.
270 3028 349 3075 lamb.
360 3032 428 3088 atque
444 3033 465 3080 in
478 3028 529 3074 loco
537 3028 702 3089 Xenophontis,
712 3031 771 3077 uude
785 3031 828 3078 hoe
844 3040 886 3091 est,
907 3031 1013 3092 scriptura
1022 3037 1056 3080 ert

189 3105 329 3158 magnust
347 3106 401 3144 rava,
420 3106 464 3138 non
479 3087 559 3154 ψυχὴν.
647 3108 654 3121 ·

217 3174 240 3207 ³⁰
254 3177 365 3220 naturae·
376 3197 384 3207 ·
396 3171 521 3229 cognatione
537 3172 686 3220 mannam
701 3175 843 3237 coaspirare]
875 3177 979 3227 Davisius
988 3181 1057 3228 male·

190 3232 229 3279 bat
240 3233 374 3287 continuata,
386 3231 400 3275 i.
412 3245 432 3276 e.
442 3244 500 3291 quae
509 3245 549 3291 per
558 3237 629 3278 totum
639 3234 744 3278 mundum
753 3234 884 3300 pertineret.
892 3237 977 3307 placet.

220 3311 240 3344 ³¹
255 3309 301 3355 niti
310 3323 334 3354 en
349 3308 545 3369 --contiaeratnrl
562 3309 592 3355 sic
611 3324 646 3355 res
662 3311 762 3369 postulat
773 3311 826 3370 legi,
836 3328 880 3361 non
891 3316 1057 3364 manamaur

190 3373 215 3414 ut
225 3368 308 3426 vulgati
319 3369 400 3414 hahent
409 3383 417 3424 ς
427 3382 477 3412 nam
488 3383 511 3413 aa
519 3369 615 3429 pertinet
624 3368 654 3413 ad
664 3374 766 3415 naturam
777 3372 813 3418 vel
823 3374 986 3432 cognationem,
997 3376 1057 3446 quod

190 3432 214 3472 et
224 3441 274 3494 mox
283 3427 305 3471 in
315 3426 341 3494 iq
352 3442 376 3472 ea
386 3425 532 3486 intelligitur:
549 3433 573 3474 ot
582 3427 613 3477 iic
623 3425 691 3474 etiam
701 3427 725 3475 in
735 3429 797 3478 libris
805 3433 936 3494 quibusdem
945 3435 1057 3489 vacabat

183 3482 394 3543 merimannus.
986 3514 996 3531 a
