2558 4198
459 281 559 330 urhun
575 279 753 330 sucuttnua.
986 289 1046 350 351

42 400 54 412 ,
80 467 84 474 -
110 467 112 470 -
175 445 229 503 que
243 433 394 487 concreto.
436 429 616 502 Quinetiam,
636 430 704 487 oiho
727 447 784 505 quo
803 434 893 500 utare,
908 431 1051 490 iuteresse

118 551 120 562 ⁴
170 528 280 603 aliquid
293 530 329 585 ad
345 527 451 585 mentia
462 527 556 587 aciem
571 533 682 603 putant.
725 529 878 588 Probabile
890 537 934 588 est
947 531 1047 605 igilur,

172 633 367 700 praestantem
383 625 609 700 intelligentiam
623 629 654 686 in
668 628 810 686 sideribus
836 647 911 697 erse,
925 647 998 704 quaa
1019 637 1049 688 et

174 727 344 782 aetheream
367 726 465 784 mundi
481 731 591 800 partem
613 727 754 796 incolant,
770 735 799 786 et
814 727 943 794 marinio,
964 733 1050 786 terre·

173 823 276 896 nisque
291 822 456 882 humoribus
468 827 555 899 longo
563 826 721 884 intervallo
732 828 909 886 extenuatio.
923 827 1046 884 alantur.

173 922 297 980 Sensum
318 933 414 983 autern
437 931 576 984 astrorum
598 932 684 1001 atque
705 925 932 1000 intelligentiam
955 925 1046 982 maxi·

175 1037 222 1076 me
237 1021 366 1080 declarat
389 1026 459 1082 ordo
478 1043 587 1093 eorum,
601 1030 688 1100 atque
713 1023 889 1083 constantia.
916 1021 989 1080 nihil
1005 1029 1050 1080 est

175 1119 263 1187 enim,
291 1123 365 1196 quoti
391 1124 513 1190 ratione,
534 1131 564 1182 et
592 1142 713 1182 numero
734 1123 845 1182 moveri
870 1122 961 1197 possit
985 1122 1049 1180 eino

174 1219 317 1276 oonsilio:
337 1221 368 1278 io
389 1239 445 1295 quo
468 1223 540 1280 nihil
556 1229 601 1282 est
616 1223 810 1290 temerarium,
827 1222 900 1282 nihil
926 1223 1049 1290 varium,

173 1315 248 1375 nihil
270 1319 424 1377 fortuitum.
467 1323 546 1380 Ordo
570 1330 667 1381 autern
693 1321 830 1390 siderum,
858 1327 887 1380 et
914 1323 945 1380 in
969 1323 1050 1380 omni

174 1417 347 1475 aeternitate
362 1419 537 1487 constantia,
553 1439 647 1495 neque
670 1429 802 1478 naturam
821 1421 984 1494 significan
1005 1427 1050 1478 est

73 1526 77 1534 '
175 1515 255 1572 enim
283 1519 369 1588 plena
398 1517 539 1574 rationis:
559 1538 654 1593 neque
682 1521 835 1587 fortunam,
850 1537 923 1593 quae
952 1519 1051 1576 amico

156 1611 313 1672 'varietati
326 1616 521 1677 constantiam
537 1619 655 1690 respuit.
699 1619 834 1692 Sequitur
848 1636 925 1692 ergo,
940 1624 971 1676 ut
985 1618 1049 1690 ipsu

175 1729 226 1768 aua
240 1711 353 1784 sponte,
367 1731 420 1772 suo
433 1733 520 1772 sensu
535 1733 569 1773 ao
584 1717 741 1774 divinitate
756 1722 939 1774 moveantur.
982 1717 1011 1774 N
1014 1735 1050 1777 eo

175 1827 246 1868 vero
269 1813 442 1872 Aristoteles
467 1833 524 1874 nou
540 1817 700 1874 laudandus
724 1816 753 1873 in
779 1833 824 1886 eo,
838 1817 914 1892 quoti
938 1816 1048 1884 omnia,

172 1929 246 1985 quae
263 1919 426 1982 moventur,
441 1919 491 1972 aul
503 1921 604 1973 natura
615 1916 728 1973 moveri
739 1917 864 1983 censuit,
878 1921 926 1973 aul
944 1917 985 1982 vi,
999 1925 1049 1973 aut

175 2013 347 2070 voluntate:
371 2015 483 2072 moveri
499 2021 596 2072 autem
620 2017 722 2081 solem,
737 2021 767 2074 et
790 2018 897 2082 lunam,
911 2021 941 2072 et
955 2017 1051 2072 sirlera

172 2111 293 2170 omnia:
314 2130 387 2186 quae
422 2117 518 2170 autem
548 2121 650 2172 natura
675 2121 870 2182 moverentur,
899 2117 972 2172 haee
1000 2120 1050 2171 aut

173 2213 301 2284 pondere
315 2211 457 2278 detortum,
469 2219 519 2270 aut
530 2213 652 2271 levitate
667 2215 699 2272 in
709 2215 834 2273 sublime
848 2214 929 2272 terri:
951 2211 972 2246 ⁵⁹
982 2231 1049 2288 quo-

173 2325 236 2365 rum
252 2315 383 2365 neutrum
392 2310 477 2366 astris
498 2313 679 2384 contingere,
694 2319 845 2386 propterea
860 2315 934 2389 quotl
950 2332 1050 2372 eorum

175 2410 269 2461 molus
288 2404 351 2463 ⁵⁴in
380 2409 479 2464 orbem
504 2408 745 2466 circumferretur.
798 2413 864 2469 Neo
893 2431 964 2470 vero
990 2414 1051 2472 tlioi

174 2508 271 2578 potent
299 2502 330 2560 vi
354 2484 478 2577 quadam
504 2507 612 2580 majore
636 2507 709 2573 lieri,
731 2511 763 2564 ut
789 2514 891 2566 eontra
915 2519 1049 2570 naturam

176 2609 253 2660 astra
267 2609 447 2660 moveantur.
462 2621 536 2678 quae
550 2605 630 2662 enim
645 2611 738 2679 potest
749 2606 840 2680 major
853 2606 939 2666 esse?
961 2618 1050 2668 restat

174 2701 317 2777 igitur‚ut
346 2709 439 2760 motus
467 2710 608 2762 astrorum
633 2706 672 2762 sit
700 2707 890 2764 voluntarius.
906 2725 979 2781 quae
1000 2711 1050 2786 qui

173 2803 284 2871 videat,
298 2821 357 2860 non
368 2803 487 2862 intorte
501 2805 603 2870 solum,
617 2823 717 2862 verum
731 2805 821 2863 etiam
846 2805 936 2881 impie
951 2807 1049 2878 laniat,
1064 2805 1067 2810 ’

174 2903 200 2960 ei
234 2905 304 2960 deos
339 2920 404 2980 esee
438 2909 535 2976 neget.
579 2905 646 2985 Neo
673 2922 745 2961 nane
773 2908 895 2963 mullum
919 2906 1049 2976 interest,

174 3005 269 3058 utrum
285 3000 313 3056 itl
329 3006 425 3075 neget,
450 3019 486 3059 au
507 3021 557 3058 eos
571 3004 651 3060 ornni
666 3003 869 3077 procuratione
893 3011 978 3078 atquo
1003 3024 1050 3064 ao·

174 3101 256 3159 tione
272 3102 375 3173 privet.
391 3101 462 3158 mihi
483 3103 571 3168 enlm,
597 3105 645 3178 qui
661 3105 735 3164 nihil
756 3106 825 3178 agli,
840 3121 904 3160 esse
928 3105 1049 3164 omniuo

173 3217 235 3260 nou
251 3200 375 3258 videtur.
417 3201 489 3260 Esse
515 3201 604 3277 igitur
627 3204 700 3260 deos
725 3203 766 3261 ita
791 3203 974 3277 perspicuum
995 3210 1049 3271 eut,

175 3353 336 3470 ιί,ιῦἕινᾳὲιοηυη
354 3361 461 3403 antrum
478 3357 698 3415 onmemtiageretl
716 3356 763 3404 rino
781 3357 851 3406 dublo
871 3358 988 3417 legendum
999 3375 1048 3408 cotr-

177 3491 350 3602 Μῡέηιὲῃοονςιω
359 3493 564 3559 drromserreturl
585 3495 621 3544 Sic
630 3495 681 3548 edri.
692 3500 747 3546 vett.
760 3511 803 3546 uon
814 3497 948 3562 ortumque,
959 3503 984 3546 ut
994 3499 1045 3548 rrlrl.

255 3567 262 3600 r
278 3567 322 3602 re.
