3354 4234
715 327 960 381 nrsnnrnmns.
1231 337 1272 400 19

403 493 515 540 nonos
544 477 680 540 nomine:
701 482 732 537 st
760 479 805 538 sie
826 481 921 556 ipsum
944 479 1083 549 animum,
1102 476 1274 556 ”erengus

402 582 532 656 sppetlet
546 597 626 637 novo
649 579 779 649 nomine,
802 581 885 656 qussi
905 581 1049 655 quendem
1072 581 1274 642 eontinentsm

401 681 573 762 motionem,
586 684 617 738 et
635 697 802 754 perennem.
844 681 911 738 Nisi
925 699 998 755 quse
1010 697 1056 738 me
1065 681 1138 738 torte
1152 681 1274 757 lugiunt,
1288 679 1326 739 ll

402 777 490 838 “hee
504 785 571 838 sunt
586 780 646 837 lere
668 779 798 838 omniurn
818 781 856 837 de
880 779 979 838 snimo
998 780 1174 838 sententiae.
1216 787 1276 840 tle·

403 881 558 940 ssossttsm
572 881 651 938 enim
671 897 808 954 magnum
830 880 946 954 quidem
966 880 1048 938 illurn
1072 880 1176 948 virum,
1195 878 1277 940 “sed

401 981 535 1038 lssvibus
549 987 578 1039 et
593 979 724 1039 rotundis
747 979 926 1053 corpusculis
948 980 1125 1038 efficientem
1145 980 1276 1038 ssimum

402 1095 546 1138 ooneursu
570 1082 694 1155 quodum
718 1077 844 1145 fortuito,
859 1078 1033 1136 omittemus.
1048 1079 1123 1134 nilril
1137 1085 1180 1134 est
1195 1079 1275 1136 enim

402 1180 657 1254 spudistos‚quod
671 1197 729 1238 non
750 1185 910 1236 momorum
929 1179 1012 1235 turos
1025 1177 1173 1235 eontioint.
1215 1178 1275 1236 tlo-

402 1295 465 1338 rum
479 1278 689 1336 sententiarum
703 1297 776 1353 quse
791 1295 862 1334 vers
883 1277 931 1345 sit,
945 1278 1016 1334 deus
1030 1276 1135 1352 uliquis
1150 1277 1274 1334 viderit:

301 1455 304 1460 r
402 1397 476 1453 quse
498 1378 721 1444 verisimillima,
736 1395 842 1452 magns
865 1377 997 1452 quaestio
1010 1382 1064 1433 est.
1079 1381 1172 1433 utrum
1187 1376 1276 1450 igitur

401 1475 479 1532 inter
492 1477 544 1532 tros
558 1477 720 1534 sententies
732 1477 892 1548 diiudicare
903 1479 1054 1543 malumus,
1065 1493 1102 1534 nn
1123 1478 1159 1532 ed
1175 1493 1276 1549 propo·

403 1573 492 1630 situm
519 1571 640 1630 redire?
682 1575 720 1630 A.
742 1575 888 1644 Cuperem
911 1573 1046 1644 equidem
1070 1580 1228 1648 utrumque,
1248 1573 1276 1632 si

403 1675 519 1746 posset:
541 1671 593 1728 sed
623 1667 699 1726 ⁴‘est
720 1669 840 1728 difficile
860 1669 1046 1727 contundere.
1075 1688 1162 1743 quere
1184 1675 1219 1734 si,
1243 1677 1276 1731 ut

401 1771 458 1829 ists
479 1789 538 1828 non
558 1769 744 1837 disserentur,
758 1768 875 1826 liberari
895 1769 994 1826 mortis
1011 1774 1093 1826 metu
1114 1787 1275 1842 possumus,

401 1871 432 1928 id
446 1887 574 1945 egemus.
587 1869 634 1928 sin
655 1868 686 1926 id
700 1887 759 1928 non
773 1873 878 1942 potest,
892 1868 949 1926 nisi
964 1871 1019 1926 lrno
1033 1870 1204 1944 quaestione
1214 1870 1276 1928 nni·

401 1985 514 2027 morum
528 1969 687 2043 explioste,
701 1983 789 2036 nuno,
814 1968 839 2026 si
861 1969 984 2034 videtur,
998 1969 1073 2026 hoo:
1093 1969 1164 2026 illud
1190 1969 1274 2027 elias.

402 2068 447 2126 M.
470 2069 555 2142 Quod
569 2069 657 2126 melle
677 2074 707 2126 te
722 2067 865 2143 intelligo,
880 2068 910 2125 id
922 2073 992 2143 pnto
1005 2085 1070 2126 esse
1083 2069 1274 2128 eommodius.

401 2169 510 2226 etlleiet
520 2168 600 2227 enim
615 2168 698 2236 retio,
709 2173 741 2225 nt
753 2185 951 2242 quaecumque
964 2185 1033 2226 rere
1052 2167 1090 2225 sit
1101 2185 1199 2226 esrum
1209 2187 1275 2228 sen·

401 2267 568 2335 tentiorum,
581 2285 652 2342 quas
666 2267 798 2341 exposui,
811 2283 888 2324 mors
901 2272 951 2324 eut
965 2269 1072 2324 malum
1094 2283 1153 2324 non
1166 2267 1213 2336 sit,
1224 2273 1276 2327 eut

401 2367 440 2425 sit
453 2369 562 2426 bonnm
576 2367 680 2441 potius.
722 2367 750 2423 N
754 2383 802 2422 sm
814 2365 839 2422 si
853 2381 912 2432 oor,
924 2371 975 2423 sut
988 2367 1178 2441 sanguinent
1195 2383 1276 2426 cere·

401 2467 484 2524 hrum
502 2470 548 2523 est
562 2465 684 2533 enimus,
699 2470 789 2533 certe,
802 2464 938 2540 quonism
959 2471 1004 2521 est
1017 2483 1131 2539 eorpus,
1144 2465 1278 2524 interibit

401 2581 469 2624 oum
493 2565 605 2639 reliquo
617 2582 747 2638 empore.
762 2563 787 2621 si
801 2563 899 2621 enims
922 2568 976 2631 est,
989 2565 1110 2622 tortssse
1123 2565 1276 2638 dissipabi-

292 2655 304 2710 ',
403 2669 467 2722 tur:
487 2664 512 2722 si
526 2663 612 2739 ignis,
633 2664 850 2736 exstinguetur:
872 2663 897 2720 si
912 2669 956 2720 est
979 2663 1150 2722 Aristoxeni
1164 2665 1276 2722 hermo·

402 2763 463 2831 nis,
489 2763 672 2820 dissolvetur.
710 2763 792 2833 ¹Quid
816 2763 854 2818 de
876 2760 1062 2818 Dicaearcho
1088 2763 1195 2830 dicem,
1225 2763 1274 2837 qui

401 2860 618 2919 nihilomnino
641 2859 770 2917 animum
796 2859 877 2916 diunt
901 2856 1004 2916 essse?
1039 2860 1096 2918 His
1118 2861 1277 2920 sententiis
1289 2908 1311 2916 --

430 3022 453 3057 ⁴³
466 3021 596 3092 mmm]
613 3036 635 3068 v.
646 3020 710 3068 clav.
723 3021 745 3068 in
755 3021 836 3070 Grseo.

431 3109 453 3142 ⁴⁴
468 3109 507 3156 las
517 3114 570 3155 sunt
578 3109 633 3164 ssrs
648 3107 750 3154 mnium
759 3107 781 3154 sl.
793 3123 815 3153 o.
825 3121 842 3153 s.
888 3105 991 3155 Davisius
1007 3109 1093 3156 delerit
1107 3109 1218 3170 omnium,
1229 3127 1274 3163 non

400 3167 466 3215 bens.
477 3169 564 3215 lucilius
572 3172 621 3214 ernt
636 3167 710 3214 dicere
719 3181 807 3214 meses.-
871 3169 909 3228 qui
918 3169 1016 3215 omniurn
1034 3171 1156 3218 sententies
1166 3177 1276 3234 rsesrrset,

402 3229 462 3275 idem
473 3233 496 3274 et
506 3242 582 3274 ornnes
592 3232 675 3274 nsrrst.

431 3306 453 3340 ⁴⁵
468 3308 505 3354 sed
514 3306 620 3368 ussum]
637 3305 674 3352 ssd
693 3320 736 3353 non
747 3306 836 3354 videtur
845 3306 968 3353 sententiae
978 3306 1021 3354 loci
1037 3307 1276 3373 convenissentque

402 3365 520 3476 {galiotum
531 3366 627 3412 videtur.
637 3379 717 3427 nempe
734 3365 844 3427 putelunt
859 3365 947 3413 librarii
960 3371 1011 3428 post
1027 3367 1117 3428 quidesse
1134 3370 1275 3420 aulenses

403 3503 560 3625 mwffl
580 3501 726 3567 comentes]
747 3508 788 3554 sut
804 3469 973 3566 intelligendum
993 3509 1027 3554 sst
1041 3505 1176 3568 conjunges
1193 3508 1283 3578 sutrio¹
