<?xml version="1.0" encoding="UTF-8"?>
<!DOCTYPE html PUBLIC "-//W3C//DTD XHTML 1.0 Transitional//EN"
    "http://www.w3.org/TR/xhtml1/DTD/xhtml1-transitional.dtd">
<html xmlns="http://www.w3.org/1999/xhtml" xml:lang="en" lang="en">
 <head>
  <title>
</title>
<meta http-equiv="Content-Type" content="text/html;charset=utf-8" />
  <meta name='ocr-system' content='tesseract 3.04.00' />
  <meta name='ocr-capabilities' content='ocr_page ocr_carea ocr_par ocr_line ocrx_word'/>
</head>
<body>
  <div class='ocr_page' id='page_1' title='image "./mtvlliiciceroni11cicegoog/mtvlliiciceroni11cicegoog_0284.png"; bbox 0 0 2548 4208; ppageno 0'>
   <div class='ocr_carea' id='block_1_1' title="bbox 464 325 1032 394">
    <p class='ocr_par' dir='ltr' id='par_1_1' title="bbox 464 325 1032 394">
     <span class='ocr_line' id='line_1_1' title="bbox 464 325 1032 394; baseline 0.007 -19"><span class='ocrx_word' id='word_1_1' title='bbox 464 325 708 378; x_wconf 83' lang='grc' dir='ltr'>ιιιιιιιιιιιιιιιι.</span> <span class='ocrx_word' id='word_1_2' title='bbox 967 325 1032 394; x_wconf 70' lang='lat'>273</span> 
     </span>
    </p>
   </div>
   <div class='ocr_carea' id='block_1_2' title="bbox 162 453 1106 562">
    <p class='ocr_par' dir='ltr' id='par_1_2' title="bbox 162 453 1106 562">
     <span class='ocr_line' id='line_1_2' title="bbox 162 453 1106 562; baseline 0.001 -29"><span class='ocrx_word' id='word_1_3' title='bbox 162 491 239 544; x_wconf 88' lang='lat' dir='ltr'>care,</span> <span class='ocrx_word' id='word_1_4' title='bbox 253 479 284 533; x_wconf 88' lang='lat' dir='ltr'>et</span> <span class='ocrx_word' id='word_1_5' title='bbox 296 474 416 553; x_wconf 85' lang='lat' dir='ltr'>invidos</span> <span class='ocrx_word' id='word_1_6' title='bbox 429 473 642 549; x_wconf 68' lang='lat' dir='ltr'><strong>vituperatores</strong></span> <span class='ocrx_word' id='word_1_7' title='bbox 656 453 805 533; x_wconf 77' lang='lat' dir='ltr'>confutare</span> <span class='ocrx_word' id='word_1_8' title='bbox 818 490 977 548; x_wconf 89' lang='lat' dir='ltr'>possumus,</span> <span class='ocrx_word' id='word_1_9' title='bbox 998 479 1032 534; x_wconf 89' lang='lat' dir='ltr'>ut</span> <span class='ocrx_word' id='word_1_10' title='bbox 1099 553 1106 562; x_wconf 35' lang='grc' dir='ltr'>Ι</span> 
     </span>
    </p>
   </div>
   <div class='ocr_carea' id='block_1_3' title="bbox 17 573 1080 3330">
    <p class='ocr_par' dir='ltr' id='par_1_3' title="bbox 17 573 1080 1934">
     <span class='ocr_line' id='line_1_3' title="bbox 161 573 1031 649; baseline 0.001 -17"><span class='ocrx_word' id='word_1_11' title='bbox 161 575 269 632; x_wconf 87' lang='lat' dir='ltr'>alteros</span> <span class='ocrx_word' id='word_1_12' title='bbox 294 573 516 648; x_wconf 74' lang='lat' dir='ltr'>reprehendisse</span> <span class='ocrx_word' id='word_1_13' title='bbox 540 573 701 649; x_wconf 88' lang='lat' dir='ltr'>poeniteat,</span> <span class='ocrx_word' id='word_1_14' title='bbox 726 573 810 632; x_wconf 88' lang='lat' dir='ltr'>alteri</span> <span class='ocrx_word' id='word_1_15' title='bbox 822 573 975 632; x_wconf 80' lang='lat' dir='ltr'>didicisses</span> <span class='ocrx_word' id='word_1_16' title='bbox 998 591 1031 633; x_wconf 85' lang='lat' dir='ltr'>sa</span> 
     </span>
     <span class='ocr_line' id='line_1_4' title="bbox 17 665 1030 748; baseline 0 -18"><span class='ocrx_word' id='word_1_17' title='bbox 17 665 22 675; x_wconf 80' lang='grc'><strong>’</strong></span> <span class='ocrx_word' id='word_1_18' title='bbox 110 695 117 708; x_wconf 84' lang='grc'>·</span> <span class='ocrx_word' id='word_1_19' title='bbox 161 673 317 747; x_wconf 76' lang='lat' dir='ltr'>gaudeant.</span> <span class='ocrx_word' id='word_1_20' title='bbox 359 671 499 748; x_wconf 82' lang='lat' dir='ltr'>Namqui</span> <span class='ocrx_word' id='word_1_21' title='bbox 513 673 788 740; x_wconf 87' lang='lat' dir='ltr'>admonentemioe,</span> <span class='ocrx_word' id='word_1_22' title='bbox 802 672 928 732; x_wconf 86' lang='lat' dir='ltr'>docendi</span> <span class='ocrx_word' id='word_1_23' title='bbox 947 679 1030 734; x_wconf 82' lang='lat' dir='ltr'>sunt-s</span> 
     </span>
     <span class='ocr_line' id='line_1_5' title="bbox 159 769 1027 848; baseline 0.002 -19"><span class='ocrx_word' id='word_1_24' title='bbox 159 771 210 848; x_wconf 88' lang='lat' dir='ltr'>qul</span> <span class='ocrx_word' id='word_1_25' title='bbox 223 769 344 830; x_wconf 86' lang='lat' dir='ltr'>inimice</span> <span class='ocrx_word' id='word_1_26' title='bbox 362 769 553 840; x_wconf 86' lang='lat' dir='ltr'>insectantur,</span> <span class='ocrx_word' id='word_1_27' title='bbox 567 771 738 846; x_wconf 88' lang='lat' dir='ltr'>repellendi.</span> <span class='ocrx_word' id='word_1_28' title='bbox 779 772 905 830; x_wconf 86' lang='lat' dir='ltr'>Multum</span> <span class='ocrx_word' id='word_1_29' title='bbox 929 777 1027 832; x_wconf 86' lang='lat' dir='ltr'>autem</span> 
     </span>
     <span class='ocr_line' id='line_1_6' title="bbox 161 868 1033 946; baseline 0 -18"><span class='ocrx_word' id='word_1_30' title='bbox 161 869 282 928; x_wconf 84' lang='lat' dir='ltr'>lluxisse</span> <span class='ocrx_word' id='word_1_31' title='bbox 299 868 389 928; x_wconf 85' lang='lat' dir='ltr'>video</span> <span class='ocrx_word' id='word_1_32' title='bbox 400 871 438 928; x_wconf 91' lang='lat' dir='ltr'>de</span> <span class='ocrx_word' id='word_1_33' title='bbox 452 870 533 928; x_wconf 88' lang='lat' dir='ltr'>libris</span> <span class='ocrx_word' id='word_1_34' title='bbox 547 871 661 940; x_wconf 90' lang='lat' dir='ltr'>nostris,</span> <span class='ocrx_word' id='word_1_35' title='bbox 681 888 751 946; x_wconf 89' lang='lat' dir='ltr'>quos</span> <span class='ocrx_word' id='word_1_36' title='bbox 772 874 936 944; x_wconf 89' lang='lat' dir='ltr'>complures</span> <span class='ocrx_word' id='word_1_37' title='bbox 950 870 1033 928; x_wconf 84' lang='lat' dir='ltr'>brevi</span> 
     </span>
     <span class='ocr_line' id='line_1_7' title="bbox 162 969 1033 1046; baseline 0.001 -20"><span class='ocrx_word' id='word_1_38' title='bbox 162 975 293 1041; x_wconf 86' lang='lat' dir='ltr'>tempore</span> <span class='ocrx_word' id='word_1_39' title='bbox 306 969 458 1038; x_wconf 76' lang='lat' dir='ltr'>edidimus,</span> <span class='ocrx_word' id='word_1_40' title='bbox 478 970 649 1046; x_wconf 77' lang='lat' dir='ltr'>variumque</span> <span class='ocrx_word' id='word_1_41' title='bbox 670 986 843 1038; x_wconf 85' lang='lat' dir='ltr'>sermonem,</span> <span class='ocrx_word' id='word_1_42' title='bbox 858 969 962 1043; x_wconf 91' lang='lat' dir='ltr'>partim</span> <span class='ocrx_word' id='word_1_43' title='bbox 984 971 1033 1027; x_wconf 91' lang='lat' dir='ltr'>ad·</span> 
     </span>
     <span class='ocr_line' id='line_1_8' title="bbox 162 1066 1032 1144; baseline 0.003 -20"><span class='ocrx_word' id='word_1_44' title='bbox 162 1066 338 1135; x_wconf 79' lang='grc' dir='ltr'>ιιιίιιιιῑίιιιιι,</span> <span class='ocrx_word' id='word_1_45' title='bbox 352 1069 429 1127; x_wconf 90' lang='lat' dir='ltr'>unde</span> <span class='ocrx_word' id='word_1_46' title='bbox 443 1071 500 1128; x_wconf 91' lang='lat' dir='ltr'>hoo</span> <span class='ocrx_word' id='word_1_47' title='bbox 521 1067 746 1144; x_wconf 89' lang='lat' dir='ltr'>philosophandi</span> <span class='ocrx_word' id='word_1_48' title='bbox 761 1067 846 1126; x_wconf 85' lang='lat' dir='ltr'>nobie</span> <span class='ocrx_word' id='word_1_49' title='bbox 859 1067 956 1126; x_wconf 88' lang='lat' dir='ltr'>subito</span> <span class='ocrx_word' id='word_1_50' title='bbox 974 1073 1032 1127; x_wconf 91' lang='lat' dir='ltr'>stu·</span> 
     </span>
     <span class='ocr_line' id='line_1_9' title="bbox 162 1165 1032 1244; baseline 0.003 -22"><span class='ocrx_word' id='word_1_51' title='bbox 162 1165 242 1222; x_wconf 89' lang='lat' dir='ltr'>dium</span> <span class='ocrx_word' id='word_1_52' title='bbox 267 1166 445 1224; x_wconf 78' lang='lat' dir='ltr'>exstitisset:</span> <span class='ocrx_word' id='word_1_53' title='bbox 467 1168 580 1242; x_wconf 89' lang='lat' dir='ltr'>partim,</span> <span class='ocrx_word' id='word_1_54' title='bbox 607 1167 676 1244; x_wconf 84' lang='lat' dir='ltr'>quid</span> <span class='ocrx_word' id='word_1_55' title='bbox 696 1184 808 1243; x_wconf 88' lang='lat' dir='ltr'>quaque</span> <span class='ocrx_word' id='word_1_56' title='bbox 835 1167 873 1223; x_wconf 89' lang='lat' dir='ltr'>de</span> <span class='ocrx_word' id='word_1_57' title='bbox 898 1185 929 1224; x_wconf 89' lang='lat' dir='ltr'>re</span> <span class='ocrx_word' id='word_1_58' title='bbox 957 1166 1032 1226; x_wconf 86' lang='lat' dir='ltr'>certi</span> 
     </span>
     <span class='ocr_line' id='line_1_10' title="bbox 163 1265 1032 1339; baseline 0.007 -19"><span class='ocrx_word' id='word_1_59' title='bbox 163 1265 344 1332; x_wconf 83' lang='lat' dir='ltr'>haberemus,</span> <span class='ocrx_word' id='word_1_60' title='bbox 366 1265 442 1322; x_wconf 87' lang='lat' dir='ltr'>scire</span> <span class='ocrx_word' id='word_1_61' title='bbox 469 1267 658 1339; x_wconf 86' lang='lat' dir='ltr'>cupientium.</span> <span class='ocrx_word' id='word_1_62' title='bbox 700 1265 802 1324; x_wconf 87' lang='lat' dir='ltr'>Multis</span> <span class='ocrx_word' id='word_1_63' title='bbox 834 1266 924 1325; x_wconf 89' lang='lat' dir='ltr'>etiam</span> <span class='ocrx_word' id='word_1_64' title='bbox 950 1267 1032 1326; x_wconf 88' lang='lat' dir='ltr'>sensi</span> 
     </span>
     <span class='ocr_line' id='line_1_11' title="bbox 161 1363 1032 1440; baseline 0.007 -20"><span class='ocrx_word' id='word_1_65' title='bbox 161 1363 295 1422; x_wconf 89' lang='lat' dir='ltr'>mirabile</span> <span class='ocrx_word' id='word_1_66' title='bbox 310 1364 414 1432; x_wconf 86' lang='lat' dir='ltr'>videri,</span> <span class='ocrx_word' id='word_1_67' title='bbox 429 1381 493 1422; x_wconf 89' lang='lat' dir='ltr'>eam</span> <span class='ocrx_word' id='word_1_68' title='bbox 511 1366 594 1423; x_wconf 80' lang='lat' dir='ltr'>nobie</span> <span class='ocrx_word' id='word_1_69' title='bbox 609 1365 790 1440; x_wconf 88' lang='lat' dir='ltr'>potissimum</span> <span class='ocrx_word' id='word_1_70' title='bbox 804 1367 954 1439; x_wconf 88' lang='lat' dir='ltr'>probatam</span> <span class='ocrx_word' id='word_1_71' title='bbox 967 1383 1032 1426; x_wconf 81' lang='lat' dir='ltr'>esse</span> 
     </span>
     <span class='ocr_line' id='line_1_12' title="bbox 161 1463 1080 1540; baseline 0.002 -20"><span class='ocrx_word' id='word_1_72' title='bbox 161 1463 386 1537; x_wconf 76' lang='lat' dir='ltr'>philosophiam,</span> <span class='ocrx_word' id='word_1_73' title='bbox 407 1479 480 1538; x_wconf 89' lang='lat' dir='ltr'>quae</span> <span class='ocrx_word' id='word_1_74' title='bbox 495 1467 590 1522; x_wconf 89' lang='lat' dir='ltr'>lucem</span> <span class='ocrx_word' id='word_1_75' title='bbox 604 1464 737 1537; x_wconf 86' lang='lat' dir='ltr'>eriperet,</span> <span class='ocrx_word' id='word_1_76' title='bbox 758 1471 788 1522; x_wconf 89' lang='lat' dir='ltr'>et</span> <span class='ocrx_word' id='word_1_77' title='bbox 812 1463 893 1540; x_wconf 88' lang='lat' dir='ltr'>quasi</span> <span class='ocrx_word' id='word_1_78' title='bbox 914 1469 1033 1524; x_wconf 91' lang='lat' dir='ltr'>noctem</span> <span class='ocrx_word' id='word_1_79' title='bbox 1077 1477 1080 1482; x_wconf 81' lang='grc'>’</span> 
     </span>
     <span class='ocr_line' id='line_1_13' title="bbox 160 1561 1033 1636; baseline 0.002 -18"><span class='ocrx_word' id='word_1_80' title='bbox 160 1562 306 1634; x_wconf 84' lang='lat' dir='ltr'>quandam</span> <span class='ocrx_word' id='word_1_81' title='bbox 320 1565 405 1619; x_wconf 90' lang='lat' dir='ltr'>rebus</span> <span class='ocrx_word' id='word_1_82' title='bbox 418 1562 590 1628; x_wconf 80' lang='lat' dir='ltr'>offunderet,</span> <span class='ocrx_word' id='word_1_83' title='bbox 604 1564 792 1636; x_wconf 78' lang='lat' dir='ltr'>desertaeque</span> <span class='ocrx_word' id='word_1_84' title='bbox 806 1561 990 1635; x_wconf 85' lang='lat' dir='ltr'>disciplinae,</span> <span class='ocrx_word' id='word_1_85' title='bbox 1001 1567 1033 1620; x_wconf 90' lang='lat' dir='ltr'>et</span> 
     </span>
     <span class='ocr_line' id='line_1_14' title="bbox 154 1659 1034 1735; baseline 0.006 -19"><span class='ocrx_word' id='word_1_86' title='bbox 154 1661 219 1735; x_wconf 80' lang='lat' dir='ltr'>jam</span> <span class='ocrx_word' id='word_1_87' title='bbox 234 1659 346 1732; x_wconf 85' lang='lat' dir='ltr'>pridem</span> <span class='ocrx_word' id='word_1_88' title='bbox 364 1660 496 1729; x_wconf 91' lang='lat' dir='ltr'>relictae,</span> <span class='ocrx_word' id='word_1_89' title='bbox 510 1659 703 1734; x_wconf 79' lang='lat' dir='ltr'>patrocinium</span> <span class='ocrx_word' id='word_1_90' title='bbox 718 1660 938 1733; x_wconf 85' lang='lat' dir='ltr'>necopinatum</span> <span class='ocrx_word' id='word_1_91' title='bbox 952 1677 969 1718; x_wconf 95' lang='lat' dir='ltr'>a</span> <span class='ocrx_word' id='word_1_92' title='bbox 983 1677 1034 1722; x_wconf 90' lang='lat' dir='ltr'>no·</span> 
     </span>
     <span class='ocr_line' id='line_1_15' title="bbox 160 1758 1034 1834; baseline 0.001 -17"><span class='ocrx_word' id='word_1_93' title='bbox 160 1759 206 1817; x_wconf 88' lang='lat' dir='ltr'>his</span> <span class='ocrx_word' id='word_1_94' title='bbox 220 1777 285 1817; x_wconf 85' lang='lat' dir='ltr'>esse</span> <span class='ocrx_word' id='word_1_95' title='bbox 309 1764 484 1833; x_wconf 86' lang='lat' dir='ltr'>susceptum.</span> <span class='ocrx_word' id='word_1_96' title='bbox 526 1759 591 1816; x_wconf 90' lang='lat' dir='ltr'>Nos</span> <span class='ocrx_word' id='word_1_97' title='bbox 618 1765 715 1816; x_wconf 85' lang='lat' dir='ltr'>cutem</span> <span class='ocrx_word' id='word_1_98' title='bbox 739 1775 796 1818; x_wconf 86' lang='lat' dir='ltr'>neo</span> <span class='ocrx_word' id='word_1_99' title='bbox 820 1758 916 1816; x_wconf 90' lang='lat' dir='ltr'>subito</span> <span class='ocrx_word' id='word_1_100' title='bbox 936 1760 1034 1834; x_wconf 87' lang='lat' dir='ltr'>coepi·</span> 
     </span>
     <span class='ocr_line' id='line_1_16' title="bbox 118 1855 1032 1934; baseline 0 -16"><span class='ocrx_word' id='word_1_101' title='bbox 118 1855 120 1863; x_wconf 84' lang='lat'>&#39;</span> <span class='ocrx_word' id='word_1_102' title='bbox 161 1877 225 1918; x_wconf 90' lang='lat' dir='ltr'>mus</span> <span class='ocrx_word' id='word_1_103' title='bbox 249 1857 466 1933; x_wconf 84' lang='lat' dir='ltr'>philosophari:</span> <span class='ocrx_word' id='word_1_104' title='bbox 487 1875 543 1917; x_wconf 90' lang='lat' dir='ltr'>nec</span> <span class='ocrx_word' id='word_1_105' title='bbox 557 1859 735 1917; x_wconf 82' lang='lat' dir='ltr'>mediocrem</span> <span class='ocrx_word' id='word_1_106' title='bbox 759 1857 883 1932; x_wconf 86' lang='lat' dir='ltr'>aprimo</span> <span class='ocrx_word' id='word_1_107' title='bbox 903 1865 1032 1934; x_wconf 90' lang='lat' dir='ltr'>tempore</span> 
     </span>
    </p>

    <p class='ocr_par' dir='ltr' id='par_1_4' title="bbox 59 1951 1031 2035">
     <span class='ocr_line' id='line_1_17' title="bbox 59 1951 1031 2035; baseline -0.001 -19"><span class='ocrx_word' id='word_1_108' title='bbox 59 1995 64 2000; x_wconf 78' lang='lat'>,</span> <span class='ocrx_word' id='word_1_109' title='bbox 113 1951 115 1956; x_wconf 71' lang='grc'>’</span> <span class='ocrx_word' id='word_1_110' title='bbox 161 1959 268 2016; x_wconf 84' lang='lat' dir='ltr'>aetatis</span> <span class='ocrx_word' id='word_1_111' title='bbox 282 1957 313 2014; x_wconf 91' lang='lat' dir='ltr'>in</span> <span class='ocrx_word' id='word_1_112' title='bbox 327 1975 364 2016; x_wconf 92' lang='lat' dir='ltr'>eo</span> <span class='ocrx_word' id='word_1_113' title='bbox 377 1957 473 2016; x_wconf 92' lang='lat' dir='ltr'>studio</span> <span class='ocrx_word' id='word_1_114' title='bbox 486 1975 604 2033; x_wconf 90' lang='lat' dir='ltr'>operam</span> <span class='ocrx_word' id='word_1_115' title='bbox 624 1975 780 2035; x_wconf 83' lang='lat' dir='ltr'>eurumque</span> <span class='ocrx_word' id='word_1_116' title='bbox 804 1958 1031 2018; x_wconf 86' lang='lat' dir='ltr'>consumsimus:</span> 
     </span>
    </p>

    <p class='ocr_par' dir='ltr' id='par_1_5' title="bbox 108 2057 1033 2232">
     <span class='ocr_line' id='line_1_18' title="bbox 155 2057 1033 2133; baseline 0 -17"><span class='ocrx_word' id='word_1_117' title='bbox 155 2063 201 2123; x_wconf 79' lang='lat' dir='ltr'>et,</span> <span class='ocrx_word' id='word_1_118' title='bbox 216 2075 283 2115; x_wconf 90' lang='lat' dir='ltr'>cum</span> <span class='ocrx_word' id='word_1_119' title='bbox 296 2057 417 2118; x_wconf 88' lang='lat' dir='ltr'>minime</span> <span class='ocrx_word' id='word_1_120' title='bbox 432 2059 612 2128; x_wconf 84' lang='lat' dir='ltr'>uidebamur,</span> <span class='ocrx_word' id='word_1_121' title='bbox 627 2065 686 2117; x_wconf 87' lang='lat' dir='ltr'>tum</span> <span class='ocrx_word' id='word_1_122' title='bbox 700 2058 828 2118; x_wconf 84' lang='lat' dir='ltr'>maxime</span> <span class='ocrx_word' id='word_1_123' title='bbox 849 2057 1033 2133; x_wconf 81' lang='lat' dir='ltr'>philosopho·</span> 
     </span>
     <span class='ocr_line' id='line_1_19' title="bbox 108 2157 1032 2232; baseline 0.004 -20"><span class='ocrx_word' id='word_1_124' title='bbox 108 2197 109 2200; x_wconf 63' lang='lat'>,</span> <span class='ocrx_word' id='word_1_125' title='bbox 162 2159 271 2214; x_wconf 90' lang='lat' dir='ltr'>bamur.</span> <span class='ocrx_word' id='word_1_126' title='bbox 285 2158 362 2231; x_wconf 85' lang='lat' dir='ltr'>quod</span> <span class='ocrx_word' id='word_1_127' title='bbox 386 2161 417 2215; x_wconf 89' lang='lat' dir='ltr'>et</span> <span class='ocrx_word' id='word_1_128' title='bbox 430 2157 576 2216; x_wconf 86' lang='lat' dir='ltr'>orationes</span> <span class='ocrx_word' id='word_1_129' title='bbox 590 2159 750 2226; x_wconf 88' lang='lat' dir='ltr'>declarant,</span> <span class='ocrx_word' id='word_1_130' title='bbox 764 2159 887 2218; x_wconf 77' lang='lat' dir='ltr'>refertae</span> <span class='ocrx_word' id='word_1_131' title='bbox 908 2158 1032 2232; x_wconf 82' lang='lat' dir='ltr'>philoso</span> 
     </span>
    </p>

    <p class='ocr_par' dir='ltr' id='par_1_6' title="bbox 65 2256 1063 3320">
     <span class='ocr_line' id='line_1_20' title="bbox 65 2256 1051 2329; baseline 0.006 -17"><span class='ocrx_word' id='word_1_132' title='bbox 65 2273 67 2282; x_wconf 72' lang='grc'>’</span> <span class='ocrx_word' id='word_1_133' title='bbox 148 2257 285 2329; x_wconf 82' lang='lat' dir='ltr'>phorum</span> <span class='ocrx_word' id='word_1_134' title='bbox 298 2256 462 2325; x_wconf 71' lang='lat' dir='ltr'>sententiis,</span> <span class='ocrx_word' id='word_1_135' title='bbox 476 2261 507 2314; x_wconf 84' lang='lat' dir='ltr'>et</span> <span class='ocrx_word' id='word_1_136' title='bbox 526 2257 759 2316; x_wconf 87' lang='lat' dir='ltr'>doctissimorum</span> <span class='ocrx_word' id='word_1_137' title='bbox 781 2257 931 2316; x_wconf 88' lang='lat' dir='ltr'>homiuum</span> <span class='ocrx_word' id='word_1_138' title='bbox 952 2257 1051 2328; x_wconf 65' lang='lat' dir='ltr'>lauri·⁴</span> 
     </span>
     <span class='ocr_line' id='line_1_21' title="bbox 161 2351 1033 2428; baseline 0.003 -17"><span class='ocrx_word' id='word_1_139' title='bbox 161 2353 314 2420; x_wconf 89' lang='lat' dir='ltr'>liaritates‚</span> <span class='ocrx_word' id='word_1_140' title='bbox 335 2351 354 2386; x_wconf 86' lang='lat'>¹¹</span> <span class='ocrx_word' id='word_1_141' title='bbox 366 2353 468 2428; x_wconf 89' lang='lat' dir='ltr'>quihus</span> <span class='ocrx_word' id='word_1_142' title='bbox 482 2373 597 2428; x_wconf 84' lang='lat' dir='ltr'>semper</span> <span class='ocrx_word' id='word_1_143' title='bbox 619 2357 721 2412; x_wconf 88' lang='lat' dir='ltr'>domus</span> <span class='ocrx_word' id='word_1_144' title='bbox 741 2357 841 2414; x_wconf 85' lang='lat' dir='ltr'>nostra</span> <span class='ocrx_word' id='word_1_145' title='bbox 866 2356 982 2414; x_wconf 82' lang='lat' dir='ltr'>floruit:</span> <span class='ocrx_word' id='word_1_146' title='bbox 1002 2361 1033 2414; x_wconf 84' lang='lat' dir='ltr'>et</span> 
     </span>
     <span class='ocr_line' id='line_1_22' title="bbox 164 2450 1032 2523; baseline 0.007 -17"><span class='ocrx_word' id='word_1_147' title='bbox 164 2450 313 2523; x_wconf 85' lang='lat' dir='ltr'>principes</span> <span class='ocrx_word' id='word_1_148' title='bbox 326 2451 380 2516; x_wconf 87' lang='lat' dir='ltr'>illi,</span> <span class='ocrx_word' id='word_1_149' title='bbox 389 2451 543 2517; x_wconf 85' lang='lat' dir='ltr'>Diodotus,</span> <span class='ocrx_word' id='word_1_150' title='bbox 558 2451 654 2518; x_wconf 89' lang='lat' dir='ltr'>Philo,</span> <span class='ocrx_word' id='word_1_151' title='bbox 664 2453 839 2519; x_wconf 86' lang='lat' dir='ltr'>Antiochus,</span> <span class='ocrx_word' id='word_1_152' title='bbox 848 2454 1032 2523; x_wconf 85' lang='lat' dir='ltr'>Posidonius,</span> 
     </span>
     <span class='ocr_line' id='line_1_23' title="bbox 163 2546 1032 2626; baseline 0.005 -21"><span class='ocrx_word' id='word_1_153' title='bbox 163 2549 297 2622; x_wconf 87' lang='lat' dir='ltr'>aquibus</span> <span class='ocrx_word' id='word_1_154' title='bbox 313 2546 438 2605; x_wconf 84' lang='lat' dir='ltr'>instituti</span> <span class='ocrx_word' id='word_1_155' title='bbox 459 2566 564 2606; x_wconf 84' lang='lat' dir='ltr'>sumus.</span> <span class='ocrx_word' id='word_1_156' title='bbox 604 2549 654 2618; x_wconf 85' lang='lat' dir='ltr'>Et,</span> <span class='ocrx_word' id='word_1_157' title='bbox 668 2551 694 2608; x_wconf 84' lang='lat' dir='ltr'>ei</span> <span class='ocrx_word' id='word_1_158' title='bbox 718 2551 816 2608; x_wconf 89' lang='lat' dir='ltr'>omnia</span> <span class='ocrx_word' id='word_1_159' title='bbox 831 2552 1032 2626; x_wconf 85' lang='lat' dir='ltr'>philosophiae</span> 
     </span>
     <span class='ocr_line' id='line_1_24' title="bbox 163 2646 1032 2720; baseline 0.005 -16"><span class='ocrx_word' id='word_1_160' title='bbox 163 2651 319 2720; x_wconf 88' lang='lat' dir='ltr'>praecepta</span> <span class='ocrx_word' id='word_1_161' title='bbox 349 2646 510 2705; x_wconf 83' lang='lat' dir='ltr'>reseruntur</span> <span class='ocrx_word' id='word_1_162' title='bbox 532 2649 570 2706; x_wconf 83' lang='lat' dir='ltr'>od</span> <span class='ocrx_word' id='word_1_163' title='bbox 598 2649 698 2718; x_wconf 89' lang='lat' dir='ltr'>vitam,</span> <span class='ocrx_word' id='word_1_164' title='bbox 726 2649 897 2708; x_wconf 86' lang='lat' dir='ltr'>arbitramur</span> <span class='ocrx_word' id='word_1_165' title='bbox 922 2665 975 2706; x_wconf 87' lang='lat' dir='ltr'>nos</span> <span class='ocrx_word' id='word_1_166' title='bbox 1001 2655 1032 2708; x_wconf 89' lang='lat' dir='ltr'>et</span> 
     </span>
     <span class='ocr_line' id='line_1_25' title="bbox 163 2745 1057 2822; baseline 0.002 -18"><span class='ocrx_word' id='word_1_167' title='bbox 163 2745 297 2820; x_wconf 89' lang='lat' dir='ltr'>publicis,</span> <span class='ocrx_word' id='word_1_168' title='bbox 311 2751 342 2802; x_wconf 89' lang='lat' dir='ltr'>et</span> <span class='ocrx_word' id='word_1_169' title='bbox 361 2745 507 2820; x_wconf 85' lang='lat' dir='ltr'>privatis</span> <span class='ocrx_word' id='word_1_170' title='bbox 499 2763 529 2804; x_wconf 92' lang='grc' dir='ltr'>ιιι</span> <span class='ocrx_word' id='word_1_171' title='bbox 544 2747 628 2804; x_wconf 85' lang='lat' dir='ltr'>rebus</span> <span class='ocrx_word' id='word_1_172' title='bbox 649 2765 685 2806; x_wconf 88' lang='lat' dir='ltr'>ea</span> <span class='ocrx_word' id='word_1_173' title='bbox 700 2747 888 2821; x_wconf 78' lang='lat' dir='ltr'>praestitisse,</span> <span class='ocrx_word' id='word_1_174' title='bbox 902 2763 976 2822; x_wconf 83' lang='lat' dir='ltr'>quae</span> <span class='ocrx_word' id='word_1_175' title='bbox 990 2763 1057 2816; x_wconf 87' lang='lat' dir='ltr'>ra·</span> 
     </span>
     <span class='ocr_line' id='line_1_26' title="bbox 163 2843 1063 2921; baseline 0.002 -19"><span class='ocrx_word' id='word_1_176' title='bbox 163 2845 205 2902; x_wconf 86' lang='lat' dir='ltr'>tio</span> <span class='ocrx_word' id='word_1_177' title='bbox 218 2849 248 2902; x_wconf 87' lang='lat' dir='ltr'>et</span> <span class='ocrx_word' id='word_1_178' title='bbox 261 2844 396 2902; x_wconf 89' lang='lat' dir='ltr'>doctriua</span> <span class='ocrx_word' id='word_1_179' title='bbox 410 2843 636 2918; x_wconf 75' lang='lat' dir='ltr'>praescripserit.</span> <span class='ocrx_word' id='word_1_180' title='bbox 678 2845 732 2902; x_wconf 84' lang='lat' dir='ltr'>Sin</span> <span class='ocrx_word' id='word_1_181' title='bbox 753 2851 850 2902; x_wconf 88' lang='lat' dir='ltr'>autem</span> <span class='ocrx_word' id='word_1_182' title='bbox 862 2845 926 2920; x_wconf 90' lang='lat' dir='ltr'>quis</span> <span class='ocrx_word' id='word_1_183' title='bbox 939 2846 1031 2921; x_wconf 88' lang='lat' dir='ltr'>requi·</span> <span class='ocrx_word' id='word_1_184' title='bbox 1020 2853 1063 2912; x_wconf 78' lang='grc'>-4</span> 
     </span>
     <span class='ocr_line' id='line_1_27' title="bbox 163 2943 1032 3018; baseline 0.002 -16"><span class='ocrx_word' id='word_1_185' title='bbox 163 2944 210 3011; x_wconf 82' lang='lat' dir='ltr'>rit,</span> <span class='ocrx_word' id='word_1_186' title='bbox 224 2959 298 3018; x_wconf 75' lang='lat' dir='ltr'>quse</span> <span class='ocrx_word' id='word_1_187' title='bbox 312 2961 401 3003; x_wconf 83' lang='lat' dir='ltr'>cause</span> <span class='ocrx_word' id='word_1_188' title='bbox 414 2959 468 3000; x_wconf 89' lang='lat' dir='ltr'>uos</span> <span class='ocrx_word' id='word_1_189' title='bbox 481 2943 638 3018; x_wconf 86' lang='lat' dir='ltr'>impulerit,</span> <span class='ocrx_word' id='word_1_190' title='bbox 652 2947 683 3001; x_wconf 87' lang='lat' dir='ltr'>nt</span> <span class='ocrx_word' id='word_1_191' title='bbox 698 2945 839 3004; x_wconf 86' lang='lat' dir='ltr'>haectam</span> <span class='ocrx_word' id='word_1_192' title='bbox 850 2961 915 3002; x_wconf 87' lang='lat' dir='ltr'>sero</span> <span class='ocrx_word' id='word_1_193' title='bbox 928 2944 1032 3004; x_wconf 86' lang='lat' dir='ltr'>litteris</span> 
     </span>
     <span class='ocr_line' id='line_1_28' title="bbox 162 3041 1032 3118; baseline 0.003 -18"><span class='ocrx_word' id='word_1_194' title='bbox 162 3043 374 3109; x_wconf 86' lang='lat' dir='ltr'>mandaremus,</span> <span class='ocrx_word' id='word_1_195' title='bbox 394 3042 467 3100; x_wconf 89' lang='lat' dir='ltr'>nihil</span> <span class='ocrx_word' id='word_1_196' title='bbox 482 3047 536 3110; x_wconf 88' lang='lat' dir='ltr'>est,</span> <span class='ocrx_word' id='word_1_197' title='bbox 550 3043 625 3116; x_wconf 87' lang='lat' dir='ltr'>quod</span> <span class='ocrx_word' id='word_1_198' title='bbox 639 3041 852 3116; x_wconf 82' lang='lat' dir='ltr'>expediretam</span> <span class='ocrx_word' id='word_1_199' title='bbox 866 3043 954 3102; x_wconf 88' lang='lat' dir='ltr'>lacile</span> <span class='ocrx_word' id='word_1_200' title='bbox 968 3061 1032 3118; x_wconf 87' lang='lat' dir='ltr'>pos·</span> 
     </span>
     <span class='ocr_line' id='line_1_29' title="bbox 162 3141 1033 3216; baseline 0.007 -18"><span class='ocrx_word' id='word_1_201' title='bbox 162 3142 261 3200; x_wconf 87' lang='lat' dir='ltr'>simus.</span> <span class='ocrx_word' id='word_1_202' title='bbox 303 3143 380 3200; x_wconf 90' lang='lat' dir='ltr'>Nam</span> <span class='ocrx_word' id='word_1_203' title='bbox 414 3159 480 3200; x_wconf 88' lang='lat' dir='ltr'>cum</span> <span class='ocrx_word' id='word_1_204' title='bbox 514 3141 575 3199; x_wconf 89' lang='lat' dir='ltr'>otio</span> <span class='ocrx_word' id='word_1_205' title='bbox 604 3144 814 3216; x_wconf 80' lang='lat' dir='ltr'>langueremus,</span> <span class='ocrx_word' id='word_1_206' title='bbox 846 3147 877 3201; x_wconf 88' lang='lat' dir='ltr'>et</span> <span class='ocrx_word' id='word_1_207' title='bbox 903 3144 928 3202; x_wconf 87' lang='lat' dir='ltr'>is</span> <span class='ocrx_word' id='word_1_208' title='bbox 955 3149 1033 3204; x_wconf 87' lang='lat' dir='ltr'>esset</span> 
     </span>
     <span class='ocr_line' id='line_1_30' title="bbox 163 3239 1033 3330; baseline 0.006 -31"><span class='ocrx_word' id='word_1_209' title='bbox 163 3241 340 3316; x_wconf 87' lang='lat' dir='ltr'>reipublicae</span> <span class='ocrx_word' id='word_1_210' title='bbox 355 3247 455 3310; x_wconf 86' lang='lat' dir='ltr'>statua,</span> <span class='ocrx_word' id='word_1_211' title='bbox 468 3239 528 3299; x_wconf 75' lang='lat' dir='ltr'>¹¹ut</span> <span class='ocrx_word' id='word_1_212' title='bbox 542 3257 608 3298; x_wconf 81' lang='lat' dir='ltr'>enm</span> <span class='ocrx_word' id='word_1_213' title='bbox 622 3241 706 3300; x_wconf 90' lang='lat' dir='ltr'>unius</span> <span class='ocrx_word' id='word_1_214' title='bbox 720 3242 846 3330; x_wconf 87' lang='lat' dir='ltr'>consilio</span> <span class='ocrx_word' id='word_1_215' title='bbox 847 3248 949 3320; x_wconf 85' lang='lat' dir='ltr'>,atque</span> <span class='ocrx_word' id='word_1_216' title='bbox 962 3261 1033 3305; x_wconf 82' lang='lat' dir='ltr'>curs</span> 
     </span>
    </p>
   </div>
   <div class='ocr_carea' id='block_1_4' title="bbox 163 3394 1033 3517">
    <p class='ocr_par' dir='ltr' id='par_1_7' title="bbox 163 3394 1033 3517">
     <span class='ocr_line' id='line_1_31' title="bbox 193 3394 1033 3510; baseline 0.007 -68.215"><span class='ocrx_word' id='word_1_217' title='bbox 193 3397 389 3502; x_wconf 48' lang='lat' dir='ltr'>”gradualem</span> <span class='ocrx_word' id='word_1_218' title='bbox 360 3394 677 3468; x_wconf 79' lang='lat' dir='ltr'>perdomusnostrufiuruit.l</span> <span class='ocrx_word' id='word_1_219' title='bbox 707 3395 896 3458; x_wconf 73' lang='lat' dir='ltr'>Verbumflmil</span> <span class='ocrx_word' id='word_1_220' title='bbox 911 3413 949 3448; x_wconf 86' lang='lat' dir='ltr'>me</span> <span class='ocrx_word' id='word_1_221' title='bbox 965 3413 1033 3510; x_wconf 71' lang='lat' dir='ltr'>saepe</span> 
     </span>
     <span class='ocr_line' id='line_1_32' title="bbox 163 3455 706 3517; baseline 0 -15"><span class='ocrx_word' id='word_1_222' title='bbox 163 3455 244 3502; x_wconf 81' lang='lat' dir='ltr'>offen</span> <span class='ocrx_word' id='word_1_223' title='bbox 289 3471 342 3517; x_wconf 83' lang='lat' dir='ltr'>qum</span> <span class='ocrx_word' id='word_1_224' title='bbox 356 3455 427 3514; x_wconf 73' lang='lat' dir='ltr'>glorta</span> <span class='ocrx_word' id='word_1_225' title='bbox 428 3455 625 3504; x_wconf 80' lang='lat' dir='ltr'>husdihomin&#39;sv</span> <span class='ocrx_word' id='word_1_226' title='bbox 626 3456 706 3504; x_wconf 84' lang='lat' dir='ltr'>irdtur.</span> 
     </span>
    </p>
   </div>
   <div class='ocr_carea' id='block_1_5' title="bbox 193 3533 1077 3596">
    <p class='ocr_par' dir='ltr' id='par_1_8' title="bbox 193 3533 1077 3596">
     <span class='ocr_line' id='line_1_33' title="bbox 193 3533 1077 3596; baseline 0.007 -16"><span class='ocrx_word' id='word_1_227' title='bbox 193 3533 216 3566; x_wconf 81' lang='lat'>¹¹</span> <span class='ocrx_word' id='word_1_228' title='bbox 230 3538 276 3580; x_wconf 82' lang='lat' dir='ltr'>ute</span> <span class='ocrx_word' id='word_1_229' title='bbox 265 3533 499 3582; x_wconf 68' lang='lat' dir='ltr'>emineamus--</span> <span class='ocrx_word' id='word_1_230' title='bbox 492 3549 564 3592; x_wconf 53' lang='lat' dir='ltr'>mgtt</span> <span class='ocrx_word' id='word_1_231' title='bbox 578 3535 606 3596; x_wconf 78' lang='grc' dir='ltr'>ι]</span> <span class='ocrx_word' id='word_1_232' title='bbox 632 3534 739 3594; x_wconf 78' lang='lat' dir='ltr'>inteliiigt</span> <span class='ocrx_word' id='word_1_233' title='bbox 754 3535 838 3584; x_wconf 83' lang='lat' dir='ltr'>lulium</span> <span class='ocrx_word' id='word_1_234' title='bbox 856 3536 981 3588; x_wconf 81' lang='lat' dir='ltr'>Caesarem.</span> <span class='ocrx_word' id='word_1_235' title='bbox 993 3553 1032 3586; x_wconf 80' lang='lat' dir='ltr'>ns·</span> <span class='ocrx_word' id='word_1_236' title='bbox 1070 3571 1077 3586; x_wconf 87' lang='lat'><strong>.</strong></span> 
     </span>
    </p>
   </div>
   <div class='ocr_carea' id='block_1_6' title="bbox 165 3589 1032 3714">
    <p class='ocr_par' dir='ltr' id='par_1_9' title="bbox 165 3589 1032 3714">
     <span class='ocr_line' id='line_1_34' title="bbox 165 3589 1032 3662; baseline 0.016 -26.23"><span class='ocrx_word' id='word_1_237' title='bbox 165 3589 257 3637; x_wconf 78' lang='lat' dir='ltr'>caisimt</span> <span class='ocrx_word' id='word_1_238' title='bbox 275 3598 323 3639; x_wconf 86' lang='lat' dir='ltr'>erat</span> <span class='ocrx_word' id='word_1_239' title='bbox 340 3593 398 3640; x_wconf 87' lang='lat' dir='ltr'>exdl</span> <span class='ocrx_word' id='word_1_240' title='bbox 392 3608 482 3640; x_wconf 88' lang='grc' dir='ltr'>ιιιιιιιιο</span> <span class='ocrx_word' id='word_1_241' title='bbox 449 3593 546 3641; x_wconf 85' lang='lat' dir='ltr'>sloiahus</span> <span class='ocrx_word' id='word_1_242' title='bbox 547 3609 622 3657; x_wconf 83' lang='lat' dir='ltr'>‚quae</span> <span class='ocrx_word' id='word_1_243' title='bbox 641 3595 744 3658; x_wconf 81' lang='lat' dir='ltr'>componi</span> <span class='ocrx_word' id='word_1_244' title='bbox 758 3609 802 3646; x_wconf 77' lang='lat' dir='ltr'>nen</span> <span class='ocrx_word' id='word_1_245' title='bbox 813 3601 912 3662; x_wconf 73' lang='lat' dir='ltr'>posteat,</span> <span class='ocrx_word' id='word_1_246' title='bbox 923 3599 966 3650; x_wconf 72' lang='lat' dir='ltr'>niul</span> <span class='ocrx_word' id='word_1_247' title='bbox 976 3611 1032 3656; x_wconf 71' lang='lat' dir='ltr'>dulit</span> 
     </span>
     <span class='ocr_line' id='line_1_35' title="bbox 165 3651 529 3714; baseline 0.017 -19"><span class='ocrx_word' id='word_1_248' title='bbox 165 3661 270 3698; x_wconf 88' lang='grc' dir='ltr'>ιιιιιιιιιιιιι</span> <span class='ocrx_word' id='word_1_249' title='bbox 279 3656 414 3714; x_wconf 83' lang='lat' dir='ltr'>potestatem</span> <span class='ocrx_word' id='word_1_250' title='bbox 428 3651 529 3702; x_wconf 88' lang='lat' dir='ltr'>haberet.</span> 
     </span>
    </p>
   </div>
   <div class='ocr_carea' id='block_1_7' title="bbox 0 0 1280 4208">
    <p class='ocr_par' dir='ltr' id='par_1_10' title="bbox 0 0 1280 4208">
     <span class='ocr_line' id='line_1_36' title="bbox 0 0 1280 4208; baseline 0 0"><span class='ocrx_word' id='word_1_251' title='bbox 0 0 1280 4208; x_wconf 95' lang='lat' dir='ltr'> </span> 
     </span>
    </p>
   </div>
  </div>
 </body>
</html>
