2552 4208
186 239 259 312 ,1216
435 233 570 286 TUSCUL.
586 233 828 288 QUAMMOMBM

194 389 249 448 llos
263 385 382 445 eosdem
401 389 496 444 motus
509 385 651 444 oonoitati
665 385 766 454 animi,
790 390 881 455 reate,
902 391 933 445 ut
952 372 1068 462 opinor,

196 485 430 562 perturbationes
449 485 627 544 dixerimus:
659 488 773 544 morbos
794 493 891 544 autem
914 504 973 544 non
995 487 1067 545 sutis

196 584 321 643 usitate:
343 584 400 642 uisi
414 584 482 659 quid
503 584 582 642 aliud
603 583 658 642 libi
672 585 796 644 videtur.
839 587 877 644 Δ.
894 585 970 643 Mihi
995 602 1067 645 vero

196 682 255 742 isto
268 683 363 741 modo·
392 683 436 740 M.
460 683 612 740 Haeccine
632 683 720 756 igitur
733 687 838 764 cudere
852 685 882 741 in
905 685 1075 772 sapientem·

198 781 306 859 putas?
348 784 386 841 A.
401 782 521 840 Prorsus
537 783 684 839 existimo.
726 783 770 840 Μ.
792 785 819 842 N
823 803 858 840 ae
873 785 927 840 ista
941 783 1069 856 gloriosa

197 881 342 956 snpientia
363 899 422 940 non
443 898 550 957 magno
572 883 754 941 aestimanda
775 889 829 949 est,
853 883 993 954 siquidem
1009 899 1069 940 noo

197 985 320 1042 multum
334 981 429 1038 differt
443 983 480 1038 ab
494 980 618 1038 insania.
672 984 711 1040 A.
734 981 812 1053 Quid
824 979 836 1039 l
867 983 920 1039 tint
934 984 1068 1040 omnisne

198 1080 289 1140 animi
311 1080 468 1138 commotio
480 1079 595 1138 videtur
609 1078 745 1138 insania?
773 1079 815 1138 Μ.
832 1081 859 1137 N
863 1099 902 1138 on
922 1081 994 1139 mihi
1009 1079 1070 1156 qui·

189 1181 267 1239 ‘dem
279 1181 353 1237 soli:
374 1181 436 1247 sed,
450 1179 481 1236 id
502 1181 577 1253 quod
591 1177 727 1236 admirari
750 1197 839 1254 saepe.
853 1185 942 1250 soleo,
957 1179 1071 1252 majori·

199 1279 253 1337 bus
277 1297 389 1353 quoque
414 1277 518 1336 nostris
546 1279 602 1334 hoo
626 1279 669 1334 ita
694 1277 788 1336 visum
812 1279 949 1353 intelligo
973 1277 1073 1338 multis

200 1377 327 1436 saeculis
341 1383 410 1435 ante
426 1378 596 1434 Socratem:
617 1394 635 1432 a
653 1394 711 1450 quo
729 1377 803 1434 haee
821 1378 925 1446 omnis,
939 1397 1011 1454 quae
1026 1383 1072 1438 est

200 1477 239 1535 de
266 1477 338 1556 vita,
362 1477 454 1534 etde
482 1475 616 1543 moribus,
641 1475 822 1548 philosophia
849 1477 991 1534 manavit.
1031 1478 1070 1536 A.

197 1577 338 1650 ,Quonam
359 1577 478 1634 tandem
502 1571 613 1632 modo?
644 1573 686 1632 M.
712 1575 789 1648 Quia
812 1593 918 1634 nomen
938 1576 1071 1636 insanias

200 1675 347 1752 significat
369 1675 475 1734 mentis
500 1673 738 1748 aegrotationem,
765 1680 796 1731 et
823 1680 962 1742 morbum,
992 1673 1013 1707 ¹²
1027 1673 1073 1754 [id

202 1781 258 1843 est,
277 1775 474 1838 insanitatem,
488 1778 518 1828 et
532 1781 680 1846 aegrotum
694 1773 832 1838 animum,
845 1792 931 1847 quam
946 1777 1073 1848 appella·

203 1878 271 1933 runt
284 1867 453 1948 insaniam]
495 1871 605 1928 Omnes
618 1877 715 1928 autem
730 1873 961 1948 perturbationes
971 1873 1073 1946 animi,

203 1975 319 2032 morbos
326 1969 489 2044 philosophi
500 1971 658 2044 appellant3
671 1978 842 2045 negantque,
851 1975 969 2030 stultum
978 1991 1074 2048 quem·

117 2117 119 2120 ,
205 2089 292 2147 quam
306 2069 351 2126 his
371 2067 478 2126 morbis
501 2086 624 2125 venare:
645 2071 694 2143 qui
718 2075 815 2127 autem
830 2072 859 2129 in
875 2073 975 2128 morbo
996 2077 1074 2144 sunt,

205 2169 272 2228 sani
286 2186 344 2226 non
369 2173 456 2224 sunt:
476 2164 497 2197 ¹³
510 2153 538 2224 et
560 2167 688 2226 omnium
710 2168 908 2242 insipientium
930 2172 1021 2230 animi
1044 2172 1077 2230 ln

206 2261 307 2328 morbo
318 2272 402 2325 sunt:
422 2283 524 2324 omnes
538 2265 708 2340 insipientes
721 2268 809 2342 igitur
828 2268 985 2334 insaniunt.
999 2271 1076 2330 sani·

207 2375 301 2428 tatem
312 2368 391 2424 enim
415 2366 584 2432 animorum,
599 2367 721 2438 positum
734 2369 765 2424 in
787 2369 993 2442 tranquillitate
1007 2389 1074 2447 qua·

207 2469 285 2536 dam,
312 2465 534 2540 constantiaque
560 2467 739 2536 censebant3
761 2467 807 2524 his
835 2471 919 2526 rebus
945 2476 1074 2528 mentem

207 2584 342 2634 vacuam,
362 2564 381 2596 ¹⁴
396 2566 578 2640 appellarunt
601 2562 741 2634 insanam,
767 2571 917 2638 propterea
939 2571 1015 2642 quod
1042 2569 1076 2626 in

207 2670 373 2743 perturbato
391 2666 500 2730 onimu,
520 2663 596 2720 sieut
609 2663 640 2720 in
654 2680 783 2736 corpore,
805 2666 914 2724 sanitas
928 2684 992 2724 esse
1014 2685 1076 2728 nou

176 2775 197 2833 ,5
209 2773 314 2843 posset.
356 2767 422 2824 Neo
444 2764 538 2820 minus
551 2762 624 2820 illud
637 2768 732 2830 anule,
746 2765 820 2837 quod
835 2764 927 2822 animi
947 2767 1075 2826 affectio·
1184 2767 1185 2770 ’

207 2845 285 2935 nem,
300 2865 408 2926 lumine
422 2863 529 2921 mentis
550 2867 709 2930 carentem,
732 2862 958 2924 nominaverunt
977 2884 1076 2926 amen·

237 3043 260 3076 ¹²
275 3041 311 3114 [ait
329 3043 360 3087 est
378 3065 386 3074 -
405 3064 415 3073 -
432 3036 561 3106 insaniant·
571 3035 628 3107 haeq
643 3050 691 3082 esse
708 3036 783 3098 spuria
800 3037 940 3088 manifestum
957 3048 999 3089 est.
1031 3041 1077 3090 Pro

208 3103 350 3150 insonantem
360 3097 406 3144 Me.
418 3095 461 3142 flu.
473 3095 541 3142 habet
550 3101 705 3141 resumentem

240 3182 261 3215 rs
275 3185 296 3228 ιι
304 3177 413 3236 manium]
434 3174 540 3221 asurmtlo
549 3172 680 3230 syllogismi,
691 3173 747 3221 alias
755 3188 800 3222 non
831 3192 856 3223 er
865 3183 885 3224 st
894 3178 1028 3237 adjungitur,
1037 3181 1079 3228 κδ

210 3245 289 3347 qerot,
306 3238 358 3285 aad:
382 3241 406 3281 et
415 3235 524 3304 alterutra
544 3227 800 3305 lraruurfparticulqrnm
812 3191 874 3306 forte
889 3241 1017 3308 repoqenda
1033 3248 1075 3310 est.

224 3301 270 3346 ntra
280 3314 299 3345 c.
315 3303 337 3344 7.
348 3311 389 3358 per
396 3303 430 3342 est
439 3299 503 3354 ntqsu
512 3307 535 3338 rn
542 3299 691 3338 assumtione:
711 3293 748 3339 ubr
760 3294 863 3342 Dnvruus
873 3305 968 3344 corrant
977 3304 1046 3358 utque.

239 3377 261 3410 ¹⁴
275 3371 546 3434 aerumnosarum]
577 3371 614 3417 Sie
620 3385 663 3476 qm
673 3371 784 3418 insanium
798 3373 841 3431 legi
852 3375 942 3422 volebat
953 3375 1077 3438 Turnebuq

210 3437 275 3482 bene,
288 3450 322 3481 res
331 3443 364 3480 est
374 3437 406 3480 ita
416 3432 515 3486 evidens,
525 3439 550 3477 ut
564 3430 597 3476 ita
607 3445 619 3475 e
636 3445 674 3477 ere
692 3446 735 3478 non
744 3433 900 3483 dubitaverim.
921 3436 960 3488 sed
970 3437 1047 3484 sinent
1059 3441 1081 3483 sl

212 3495 234 3543 in
244 3494 273 3544 M
276 3509 292 3543 s.
304 3494 377 3542 Guell.
394 3507 445 3541 mox
454 3490 541 3553 reposui
547 3493 624 3552 posset,
634 3490 672 3540 ubi
682 3492 742 3552 vulg.
756 3493 831 3550 possit.
