2552 4208
222 279 284 346 lla
484 273 618 326 ausona
639 273 881 330 auanarronuns

216 425 421 486 inconstanter
439 429 471 484 at
490 425 614 494 turbide,
633 425 665 486 in
685 431 765 486 motu
786 444 850 486 esse
868 439 998 500 semper:
1017 438 1086 484 onus

217 529 315 584 nutem
330 523 378 583 bio
401 524 499 584 lervor
518 525 734 602 concitatioque
755 527 847 587 animi
865 522 1086 591 inveteraverit,

217 628 249 682 et
275 629 420 700 tamquam
453 625 484 684 in
513 625 598 685 venis
629 627 822 704 medullisque
848 625 997 692 insederit,
1025 629 1086 681 tum

217 723 320 782 existit
333 731 363 782 et
383 727 508 794 morbus,
529 732 561 786 at
580 727 750 802 aegrotatio,
770 734 801 786 et
824 725 998 786 offensiones
1022 741 1086 791 eae,

217 825 291 900 q'uae
305 830 372 884 sunt
394 826 437 884 eis
459 827 564 886 morbis
589 828 891 902 aegrotationibusque
912 824 1084 884 contrariae.

168 920 204 980 ll
218 923 312 992 Haeo,
333 943 406 1002 quae
430 927 507 995 dieo,
532 927 712 1001 cogitatione
736 925 813 983 inter
834 943 867 982 se
888 925 1033 992 differunt,
1054 940 1086 982 re

215 1025 332 1102 quidem
356 1029 491 1100 copulata
505 1033 581 1096 aunt,
595 1045 686 1101 eaque
706 1025 837 1086 oriuntur
859 1043 897 1084 ex
913 1023 1035 1084 libidine
1054 1025 1087 1080 at

213 1125 337 1184 laetitia.
353 1145 420 1184 nam
434 1144 501 1185 eum
512 1134 556 1184 est
570 1125 727 1199 concupita
738 1126 873 1200 peounia,
883 1142 941 1183 neo
954 1122 1086 1182 adbibita

215 1226 356 1284 continuo
377 1227 460 1296 ratio,
484 1227 565 1303 quasi
585 1228 727 1302 quaedam
750 1225 902 1284 Socratica
925 1223 1086 1292 medicina,

214 1322 316 1399 ³²quae
335 1332 451 1384 sanaret
465 1345 530 1384 eam
544 1325 751 1399 cupiditatem:
773 1329 922 1400 permanat
936 1323 967 1380 iu
982 1339 1087 1390 venas,

214 1427 245 1482 et
255 1423 388 1484 inhaeret
401 1427 432 1485 in
448 1425 608 1484 visceribus
622 1427 695 1484 illud
710 1429 825 1496 malum,
840 1423 996 1500 existitque
1011 1438 1085 1480 mor·

215 1526 276 1591 bna,
291 1531 320 1583 et
334 1527 510 1601 aegrotatio:
531 1523 552 1557 Β
565 1544 638 1603 quae
653 1529 743 1586 avelli
758 1529 925 1586 inveterata
939 1541 998 1580 non
1020 1538 1084 1595 pos·

212 1624 267 1681 eit:
288 1626 372 1701 eique
387 1629 486 1683 morbo
511 1645 617 1685 nomen
642 1633 687 1685 eat
707 1627 841 1686 avaritia.
884 1622 1084 1695 Similiterque

191 1733 196 1745 '
212 1725 304 1780 ceteri
319 1725 428 1782 morbi:
450 1733 482 1783 ut
495 1727 604 1798 gloriae
618 1727 773 1798 cupiditas,
787 1729 820 1780 ut
834 1721 1038 1787 mulierositas,
1051 1723 1084 1778 ui

211 1821 254 1879 ita
278 1826 424 1896 appellem
459 1842 533 1891 eam,
557 1843 630 1897 quae
656 1825 772 1880 Graece
795 1827 943 1892 damyanus
968 1818 1084 1890 dieitur,

211 1924 359 1996 oeterique
373 1923 507 1979 similiter
521 1923 612 1979 morbi
631 1921 901 1994 aegrotationesque
916 1926 1082 1978 naseuntur.

211 2039 285 2096 quae
299 2027 396 2077 autem
421 2027 489 2077 sunt
511 2022 555 2077 bis
577 2020 732 2086 contraria,
746 2037 782 2076 ea
806 2019 887 2077 nasot
913 2025 1083 2091 putantura

121 2127 123 2130 ⁴
212 2126 311 2189 metu:
331 2126 361 2176 ut
376 2117 473 2175 odium
489 2119 650 2186 mulierum,
671 2116 785 2192 “quale
796 2119 826 2175 in
840 2141 968 2192 μισυγυνᾳ
983 2119 1082 2178 Attilii

212 2227 273 2276 est:
296 2218 371 2275 utin
392 2218 541 2275 bominum
564 2218 732 2274 universum
756 2236 856 2292 genua,
877 2221 952 2292 quod
967 2217 1083 2290 accepi·
1142 2263 1144 2266 .

212 2337 276 2378 mus
291 2321 326 2375 de
340 2317 477 2387 Timone,
493 2319 541 2393 qui
555 2325 724 2392 paralipom,
738 2320 918 2391 appellatur:
940 2323 971 2374 ut
986 2317 1082 2375 inbos-

212 2419 342 2492 pitalitaa
370 2423 525 2493 estquae
548 2437 649 2476 omnes
681 2419 894 2494 aegrotationes
923 2418 1014 2475 animi
1041 2436 1082 2478 ex

213 2519 335 2592 quodam
351 2525 430 2576 metu
450 2525 608 2577 naseuntur
628 2535 725 2576 earum
748 2537 849 2584 rerum,
866 2536 936 2593 quas
957 2519 1081 2594 fugiunt,

212 2623 243 2674 et
256 2617 388 2676 oderunt.
431 2619 583 2677 Definiunt
605 2623 702 2675 autem
727 2618 817 2675 animi
839 2619 1082 2693 aegrotationem,

212 2716 413 2790 opinationem
448 2720 654 2776 vehementem
688 2719 725 2775 de
752 2736 783 2776 re
811 2737 870 2776 non
904 2720 1081 2792 expetenda,

210 2813 232 2848 ¹⁵
242 2826 387 2894 tamquam
402 2819 489 2878 valde
503 2820 678 2893 expetenda,
692 2817 892 2876 inhaerentem
908 2823 938 2875 et
964 2818 1080 2892 penitus

239 2979 263 3012 ³²
279 2995 334 3040 quoe
343 2980 450 3040 maeret]
482 2981 595 3038 BentleJua
610 2978 705 3026 correxit
722 2984 789 3034 sonet,
801 2979 861 3040 quod
872 2983 896 3024 et
912 2979 1020 3027 Buberirre
1030 2993 1081 3042 pro·

211 3036 280 3086 berit.
292 3041 357 3086 male.
369 3039 468 3085 adbibita
477 3047 511 3084 eat
521 3039 621 3095 postulat
630 3043 724 3086 sonaret.
734 3041 790 3086 illud
799 3038 945 3094 gernraniaat.

239 3117 263 3150 ³³
277 3133 332 3176 qraae
341 3133 361 3164 a.
370 3119 387 3162 i.
400 3131 445 3163 :ross
452 3118 551 3176 mantnt]
567 3115 618 3178 quia
626 3119 719 3164 refertur
729 3120 771 3165 boo
781 3119 810 3164 ad
821 3131 886 3164 unam
895 3117 1081 3176 aegrotationum,

206 3181 298 3234 ponunt
308 3178 381 3223 lorum
392 3191 434 3220 non
446 3175 520 3222 habet.
553 3175 665 3234 Bentlejns
675 3178 730 3224 bene
738 3178 811 3235 possit.

239 3253 263 3288 Μ
275 3257 340 3315 quale
348 3255 375 3301 irs
382 3273 498 3319 μισογπᾳ
519 3255 594 3316 Attuli
603 3257 643 3315 est]
665 3257 695 3303 nio
704 3257 761 3305 Mas.
774 3257 857 3316 plures,
869 3257 930 3303 unde
939 3261 963 3302 at
972 3255 1078 3304 Davisius

210 3328 235 3372 et
246 3325 382 3371 Alamannus
391 3321 480 3368 dertare.
512 3321 587 3383 Vulgo
596 3323 660 3380 quale
669 3321 696 3368 in
703 3343 831 3391 mmm
840 3326 876 3370 ert,

241 3413 264 3446 ⁸⁸
278 3417 389 3471 uppem
398 3410 461 3457 valde
470 3426 517 3468 etp.
529 3411 576 3472 stt]
610 3411 734 3458 Delendum
753 3417 787 3456 est
803 3413 850 3456 sine
865 3408 933 3456 dubio
942 3408 978 3457 at't.
1010 3408 1046 3456 Sic
1056 3407 1081 3456 et

210 3473 303 3520 morde
319 3487 344 3518 ro
362 3469 542 3532 amsugierrdo,
557 3471 806 3535 tamqrromfugirrsdo.
824 3469 883 3519 inira
900 3468 924 3520 iu
943 3469 994 3518 loeo
1011 3463 1081 3518 siniti
1182 3511 1186 3520 .

209 3531 427 3592 retentumque.

643 3711 680 3735 A
