2558 4198
454 273 752 340 cranasncunnus.'
974 292 1038 356 845

157 441 307 500 ‘muudum
320 439 515 514 etiamipaum
538 439 629 498 aimili
648 439 765 514 parique
789 441 890 497 natura
910 437 941 496 ln
956 443 1039 496 tanta

167 541 369 613 diuturnitate*
387 541 517 597 servari:
549 557 640 615 eoque
670 539 786 614 magia·
803 541 878 615 quod
912 537 1040 613 intelligi

165 641 263 708 debet,
277 641 407 700 calidum
427 640 498 698 illud
512 644 597 714 atque
611 639 729 715 igneum
743 641 784 697 ita
798 639 829 698 in
850 639 931 697 omni
945 639 1040 696 lusura
1153 703 1155 708 ¹

119 753 121 806 j
163 759 232 798 *ease
247 746 360 804 natura,
382 737 458 798 ut'in
479 756 516 796 eo
535 740 604 798 insit
628 740 798 814 procreandi
823 740 878 805 vir,
899 745 929 796 et
950 753 1040 796 causa

165 839 348 914 gignendia
371 857 429 914 quo
448 844 478 904 et
503 839 663 898 animantia
677 839 786 906 omnia,
810 843 840 895 et
862 855 907 904 ea,
920 853 1039 911 quorum

166 938 272 1011 stirpes
300 943 374 996 terra
401 938 599 1006 continentur,
623 943 654 996 et
674 939 757 997 nasci
786 938 824 995 ait
851 951 982 1003 necesse,
1009 939 1041 991 et

168 1053 336 1109 augescere»
377 1039 489 1096 Natura
510 1045 554 1096 est
576 1038 672 1112 igitur,
694 1054 767 1112 quae
788 1035 941 1092 contineat
960 1029 1087 1092 mun-ll

167 1136 236 1193 dum
251 1154 378 1203 omnam,
391 1155 515 1212 eumque
529 1146 651 1204 tueatur,
665 1142 695 1193 et
720 1152 755 1192 ea
769 1130 885 1209 quidem
899 1151 958 1191 non
975 1134 1040 1191 aina

170 1253 258 1294 sensu
280 1242 366 1308 atque
382 1236 502 1294 ratione.
528 1254 645 1295 omnem
659 1235 738 1292 enim
763 1241 894 1292 naturum
918 1251 1040 1292 necessa

167 1341 222 1402 eat,
231 1351 305 1410 quae
317 1353 377 1392 nou
392 1335 520 1392 solitaria
531 1336 579 1401 sit,
591 1353 685 1410 neque
695 1335 831 1407 simplex.
842 1335 893 1391 sed
903 1351 969 1392 cum
981 1331 1041 1390 alio

160 1434 267 1506 juncta
280 1440 368 1507 atque
388 1450 533 1498 connexa,
549 1435 655 1491 habere
681 1435 806 1509 aliquem
826 1434 857 1490 in
878 1451 910 1494 se
935 1432 1042 1506 princi·
1100 1477 1102 1481 .

166 1537 275 1606 prtum,
288 1540 318 1590 ut
332 1532 362 1590 iu
376 1531 494 1588 homine
509 1534 688 1599 mentem,in
699 1535 783 1590 belua
797 1533 933 1607 quiddam
944 1531 1041 1588 simile

167 1632 376 1696 mentis,uude
390 1631 519 1690 oriantur
540 1647 633 1686 rerum
653 1631 806 1704 appetitus.
850 1631 886 1688 ln
908 1633 1042 1687 arborum

166 1735 274 1794 autem,
288 1736 317 1786 ct
341 1748 441 1788 earum
456 1747 560 1793 rerum,
572 1745 647 1802 qnae
670 1730 858 1804 gignunture
880 1733 954 1786 terra
969 1727 1043 1786 radi·
1139 1741 1143 1749 ’

165 1828 249 1886 cibus
264 1829 360 1888 inesse
373 1825 551 1902 principatus
561 1833 687 1896 putatur.
729 1829 930 1902 Principatum
944 1835 1042 1885 auteur

165 1927 196 1986 id
210 1928 286 1993 (lico,
301 1930 376 2004 quod
391 1929 499 1986 Graeci
526 1927 664 2003 manao
688 1935 813 1986 vocant:
835 1945 892 2003 quo
913 1927 988 1985 nihil
1008 1928 1041 1986 in

166 2047 279 2103 quoque
294 2047 401 2102 genere
417 2047 472 2086 uec
488 2037 593 2102 potest,
615 2047 669 2086 nec
691 2031 779 2086 debet
804 2045 868 2086 eaae
893 2033 1042 2101 praealta·

165 2127 232 2185 tius.
275 2130 377 2203 ltaque
393 2147 514 2188 neeesse
528 2136 582 2196 est,
597 2129 668 2186 illud
680 2129 778 2196 etiam,
793 2129 823 2186 iu
838 2144 895 2203 quo
905 2127 943 2185 ait
952 2126 1041 2184 totius

166 2234 287 2284 naturae
301 2228 489 2300 principatus,
502 2247 567 2286 esse
581 2231 711 2288 omnium
731 2213 882 2300 optimum,
900 2225 1042 2284 omnium·

167 2343 221 2398 que
238 2345 329 2380 rerum
342 2333 485 2395 potestate
499 2329 707 2398 ‹lominutuque
721 2329 934 2400 dignissimum.

208 2423 352 2478 Videmus
366 2433 472 2488 nutem,
486 2423 517 2478 in
534 2423 661 2494 pardhus
676 2425 776 2480 mundi
795 2419 882 2498 (nihil
903 2431 947 2482 est
960 2426 1040 2482 enim

168 2519 293 2576 inomni
319 2523 434 2586 rnomlo,
448 2523 523 2593 quod
546 2539 603 2578 non
628 2537 693 2595 para
721 2523 850 2578 universi
871 2519 923 2598 ait)
944 2525 1041 2580 inesse

133 2677 137 2692 ,
168 2637 283 2676 sensum
299 2627 329 2676 et
345 2620 496 2676 rationem.
541 2621 574 2678 ln
589 2638 624 2677 ea
640 2629 720 2694 purte
735 2621 831 2694 igitur,
844 2621 875 2677 in
890 2637 946 2694 qua
960 2639 1040 2678 mnu·

169 2717 201 2774 di
216 2719 291 2774 ineat
307 2718 495 2790 principatus,
509 2719 583 2778 lanea
604 2719 700 2778 inesse
721 2737 842 2778 necesse
857 2727 911 2788 est,
925 2725 955 2776 et
968 2719 1041 2776 aori
1056 2741 1059 2748 ⁴

168 2835 219 2874 ora
240 2817 357 2892 quidem
378 2824 463 2891 utque
479 2819 596 2890 majora.
634 2821 784 2892 Quocirca
799 2819 961 2892 rapientem
976 2835 1040 2876 ease

168 2917 307 2974 muudum
324 2934 443 2975 necesse
455 2922 518 2974 cst:
539 2923 727 2992 naturamque
741 2935 816 2983 eam,
830 2935 908 2992 ,quae
923 2935 969 2974 rea
981 2935 1042 2976 om·

169 3031 222 3071 nes
237 3016 392 3084 complexa
419 3020 527 3084 teneat,
542 3019 720 3090 perfectione
741 3018 861 3076 rationis
882 3019 1041 3084 andeliers,

168 3131 262 3188 eoque
286 3115 373 3170 deum
400 3132 463 3172 esse
489 3117 636 3184 muudum,
656 3135 830 3191 omnemque
852 3117 912 3175 rim
940 3117 1040 3176 mundi

168 3217 271 3268 natura
286 3212 387 3268 diviua
408 3215 564 3272 contineri.
603 3214 734 3290 “Atque
755 3217 844 3274 etiam
865 3215 965 3274 muudi
988 3217 1039 3275 ille

144 3312 274 3378 terror,
305 3311 409 3384 purior,
444 3312 627 3386 perlucidior,
655 3316 844 3389 mobiliorque
875 3319 975 3384 multo,
1001 3319 1040 3374 ob

169 3425 276 3483 easque
298 3428 401 3468 causus
415 3413 509 3484 aptior
523 3413 559 3470 ad
582 3432 683 3472 seusus
704 3417 940 3486 commovendos,
954 3435 1040 3494 quam

199 3559 223 3594 ⁴⁹
236 3564 310 3624 Atpu
320 3559 394 3628 mam,
404 3567 457 3630 etc]
474 3566 497 3614 in
507 3567 542 3617 laia
551 3567 663 3618 excidisse
672 3573 708 3630 ru,
719 3573 784 3636 putat
794 3569 911 3622 Buheriru.
