3354 4234
670 357 770 412 arnoll
784 357 961 410 arcontius:
996 367 1003 380 ⁸
1210 357 1250 421 Π

422 509 618 584 Quamobrem
628 509 728 570 borlor
740 527 852 578 omnes,
862 508 913 586 qui
926 509 1023 568 lacere
1033 507 1064 566 id
1078 505 1208 580 ponunt,
1220 509 1254 564 ul

379 608 465 685 buJ‘ua
479 627 592 687 quoque
605 609 722 686 generis
740 611 856 670 laudern
863 610 927 684 jam
941 606 1092 684 languenti
1107 603 1253 664 Graecias

382 709 519 783 eripiant,
532 715 563 767 et
584 709 727 783 perierant
750 710 783 769 in
807 712 882 769 banc
900 710 1010 776 urbem,
1029 707 1108 765 sicut
1127 703 1253 778 reliqoss

378 821 493 879 omnes,
517 825 591 883 quae
605 809 722 885 quidem
735 815 820 870 eraut
842 807 1037 883 expetendae,
1050 802 1147 864 studio
1166 807 1254 878 sique

381 907 524 968 industria
553 925 607 968 sua
630 906 756 984 majores
775 907 866 968 nostri
893 907 1112 966 transtulerunt.
1153 902 1254 978 Atque

378 1005 542 1066 'emturum
556 1009 674 1084 quidem
689 1011 751 1066 laus
772 1008 815 1066 ila
827 1009 917 1066 ducta
929 1008 967 1064 ab
986 1001 1101 1070 bumili,
1123 999 1207 1058 venit
1217 999 1255 1058 ssl

365 1111 533 1176 ‘summm
555 1108 667 1180 uliam,
687 1109 765 1184 quod
790 1112 894 1166 natura
917 1105 972 1164 lert
995 1100 1181 1162 inomnibns
1195 1099 1256 1158 lere

378 1210 475 1280 rebus,
488 1211 634 1276 senescat,
645 1209 785 1285 brevique
799 1214 929 1280 tempore
943 1206 981 1263 ad
990 1203 1117 1263 nibilum
1131 1204 1256 1260 ventura

380 1309 524 1370 videatur.
546 1307 762 1384 ¹⁰philosoputa
784 1314 921 1368 mins
940 1306 1057 1368 Latinis
1079 1304 1196 1382 quidem
1209 1301 1256 1364 lit·

380 1409 450 1468 teris
474 1427 515 1466 ex
548 1409 594 1466 his
622 1409 809 1482 temporibus,
834 1425 955 1484 earnqne
979 1425 1033 1466 nos
1059 1406 1254 1482 adjuvemus:

380 1523 492 1578 nosque
520 1504 599 1576 ipsos
620 1505 755 1578 redargui
777 1506 928 1579 refellique
948 1505 1101 1578 patiemur.
1128 1505 1205 1580 quod
1231 1503 1255 1560 ii

379 1603 477 1662 lerunt
497 1601 597 1660 animo
614 1601 723 1675 iniquo,
737 1601 786 1676 qui
799 1601 889 1659 cerlis
901 1601 1072 1676 quibusdam
1090 1601 1263 1660 destinatio*

381 1717 439 1777 que
453 1700 609 1760 sententiis
622 1699 705 1775 quasi
717 1699 839 1770 addicti,
852 1705 882 1759 et
895 1697 1061 1760 eomeerali
1073 1703 1150 1768 sunt,
1163 1715 1256 1776 eaque

382 1799 560 1864 necessitate
584 1799 747 1870 constricti,
768 1805 809 1870 ul,
831 1781 921 1859 eliens
944 1817 1020 1876 qnae
1046 1817 1105 1858 non
1132 1797 1254 1874 probare

380 1902 505 1969 soleant,
533 1917 570 1959 ea
595 1905 738 1976 cogantur
764 1901 950 1960 coomliae
977 1916 1065 1958 cansa
1088 1899 1255 1962 defendere.

381 2017 446 2070 nos,
459 2000 509 2076 qui
522 2001 672 2076 ‘sequimur
685 2000 854 2075 probabilia,
868 2018 925 2060 uec
941 1999 960 2032 ¹¹
972 2001 1048 2060 ultra
1061 1999 1100 2069 id,
1113 2000 1189 2076 qnod
1204 2017 1254 2058 ve·

378 2100 501 2160 risimile
527 2099 695 2169 occurrerit,
722 2100 856 2175 progredi
882 2117 1044 2174 posumus,
1069 2105 1101 2160 st
1119 2100 1254 2158 retollere

381 2200 446 2260 sine
459 2200 632 2276 pertinacia,
646 2205 677 2258 et
696 2201 790 2258 refelli
802 2199 867 2258 sine
877 2199 1028 2260 iracundie
1042 2200 1135 2274 parali
1145 2217 1254 2258 sumus.

421 2301 509 2374 Quod
532 2300 558 2360 si
578 2301 653 2358 baec
667 2299 763 2358 studia
777 2300 908 2358 traducta
922 2304 1007 2358 erunt
1021 2300 1058 2358 asl
1078 2305 1201 2366 nostros,
1215 2317 1256 2356 ne
1327 2335 1337 2376 ·.
1369 2305 1384 2332 ⁹

380 2398 571 2458 bibliothecis
581 2397 699 2474 quislern
710 2398 833 2458 Graecis
849 2399 1009 2472 egebimus,
1023 2399 1054 2456 in
1068 2399 1171 2474 quibus
1182 2400 1254 2458 mul·

381 2497 477 2554 titudo
491 2496 606 2554 inlicita
629 2495 767 2555 librorum
780 2503 897 2570 propter
910 2513 1009 2555 eorum
1028 2503 1075 2556 est
1095 2499 1255 2556 multitudi-

382 2611 461 2660 nem,
474 2593 523 2669 qui
535 2593 731 2667 eedpserunlr
750 2597 853 2654 eadem
863 2595 943 2654 enim
956 2595 1092 2652 dicuntur
1105 2613 1123 2652 a
1137 2596 1256 2666 nultias

382 2711 421 2752 ex
437 2710 494 2769 qno
518 2692 601 2750 libris
616 2691 714 2750 omnia
738 2694 919 2752 referserunt.
933 2693 1010 2766 quod
1033 2693 1150 2752 aoeislel
1163 2695 1255 2752 eliam

381 2791 499 2862 uostris,
509 2791 536 2850 si
545 2793 583 2850 ad
604 2791 679 2848 baec
689 2789 786 2846 studia
798 2792 894 2862 plures
908 2789 1112 2848 confluxerint.
1127 2793 1180 2849 sed
1193 2809 1254 2863 eos,

382 2894 408 2952 si
431 2909 589 2966 possumus,
603 2889 778 2955 excitemus,
790 2887 839 2962 qui
864 2887 1024 2946 liberaliter
1039 2890 1154 2959 eruditi,
1174 2892 1254 2951 adbi-

382 2993 444 3051 bita
458 2993 548 3051 etiam
561 2988 724 3049 disserendi
737 2987 897 3062 elegantia,
910 2987 1074 3072 raliooexet
1099 2989 1149 3049 via
1163 2992 1254 3065 pbilo

382 3093 553 3168 sophantur.
592 3091 647 3152 Est
661 3090 740 3148 enirn
754 3089 900 3164 quoddam
918 3101 1010 3162 genus
1030 3107 1138 3160 eorum,
1151 3091 1200 3167 qui
1221 3099 1290 3159 sest

411 3255 423 3288 ⁹
437 3260 575 3313 erulorumq.
588 3255 638 3300 laus
647 3253 679 3298 ilo
688 3253 756 3299 ducta
766 3253 894 3315 ollums'li]
910 3252 943 3299 ilo
953 3251 1049 3300 alienum
1059 3259 1101 3302 ert.
1112 3255 1256 3304 scribendoru

382 3314 431 3362 illu¹
444 3329 485 3375 pro
494 3318 608 3360 erulorum
619 3311 724 3360 Davisius
732 3313 905 3374 ponitoruton‘u.

409 3393 432 3497 ²¹⁰
445 3391 579 3497 ρὴὲξοεορήία
588 3392 712 3454 concolor]
743 3391 850 3440 Davisius
859 3391 929 3440 edidit
940 3393 1041 3440 nacitur
1050 3407 1092 3454 pro
1102 3393 1193 3454 vulgato
1203 3409 1253 3444 aaa
1364 3417 1371 3424 ·

383 3465 454 3498 saur.
495 3465 529 3498 ne.
948 3473 951 3480 ⁴

412 3531 430 3563 ¹¹
446 3530 507 3597 altro
516 3529 618 3599 idqesm
626 3527 695 3590 quod]
709 3518 888 3589 quam'Msnutil
898 3529 1003 3592 delevere
1012 3531 1067 3580 itaut
1077 3532 1107 3582 Ba
1119 3535 1258 3598 Stephanus.

381 3595 451 3636 seete.
463 3589 505 3634 leci
515 3593 539 3635 et
547 3602 603 3650 lpse.
1235 3599 1236 3608 ¹

423 3687 496 3756 ron.
509 3687 566 3728 xv.
816 3673 833 3724 'l
848 3665 872 3702 *t
