3354 4234
684 345 938 398 meruerimus·
1197 347 1240 410 31

372 499 402 554 et
420 513 470 554 eas
488 498 647 572 angustias,
675 513 728 572 per
751 513 822 573 quas
844 493 1010 572 penetrarit
1033 509 1079 563 es,
1103 507 1178 569 quse
1197 495 1243 550 est

371 596 523 654 nominate

549 751 615 808 Argo,
624 750 677 810 quio
687 750 771 808 Argivi
780 751 807 798 in
816 765 848 808 co,
860 750 937 798 delecti
946 748 1000 806 oiri,

548 829 623 888 Venti,
636 829 743 892 petebant
754 831 837 892 pellem
849 829 974 878 inauratam
985 828 1077 890 arietis;

370 974 421 1031 cut
433 969 465 1039 ii,
480 969 530 1046 qui
544 971 657 1029 Oceani
671 970 691 1002 '⁰
701 970 776 1030 treta
789 971 842 1030 ille
856 971 1002 1040 viderunt,

548 1125 671 1188 Europam,
682 1125 823 1188 Libyamque
835 1140 903 1187 repas
913 1123 950 1172 ubi
960 1124 1042 1172 dividit
1051 1125 1125 1172 unda:

369 1268 445 1344 quod
461 1267 578 1326 leudem
591 1269 792 1341 spectaculum
812 1268 872 1324 lore
893 1273 1033 1342 putamus,
1057 1283 1126 1324 curn
1150 1269 1243 1332 totum

368 1371 475 1426 terram
499 1367 631 1426 contueri
646 1366 755 1434 licebit,
769 1369 886 1442 ejusque
902 1385 968 1424 oum
992 1369 1089 1432 situm,
1111 1367 1242 1436 sormam,

370 1465 679 1537 circumscriptionem,
704 1472 764 1524 tum
787 1473 817 1522 et
840 1466 1014 1524 habitabiles
1040 1465 1183 1540 regiones,
1211 1469 1243 1524 el

371 1579 482 1623 rursum
497 1563 577 1620 omni
604 1565 685 1620 cultu
709 1570 825 1636 propter
846 1565 907 1620 vim
929 1563 1042 1639 frigoris
1062 1569 1113 1622 eut
1126 1565 1242 1634 caloris,-

370 1659 534 1720 vncuntes?
555 1662 617 1718 Nos
629 1661 708 1718 enim
722 1678 760 1718 ne
775 1679 853 1718 nunc
867 1661 983 1736 quidem
994 1661 1086 1718 oculis
1095 1664 1244 1720 cernimus

370 1779 416 1828 ee,
429 1778 502 1836 quae
524 1759 678 1818 videmus:
712 1777 807 1834 neque
831 1758 911 1818 enim
931 1765 976 1816 est
1000 1762 1074 1816 ullus
1096 1779 1197 1818 sensus
1210 1760 1244 1822 in

370 1875 506 1934 corpore:
528 1861 589 1926 sed,
610 1865 640 1917 ut
665 1875 724 1916 non
740 1860 833 1916 solum
858 1858 975 1932 physici
1000 1859 1118 1928 docent,
1140 1876 1246 1922 verum

370 1958 459 2016 etism
479 1958 596 2026 medici,
610 1957 658 2033 qui
684 1958 740 2016 istc
754 1963 854 2031 operta
876 1963 906 2015 et
932 1957 1077 2032 patefacto
1097 1957 1245 2030 viderunt,

371 2058 438 2116 vice
452 2058 534 2132 quasi
546 2059 686 2132 quaedum
698 2061 766 2114 sunl
778 2059 816 2114 ud
829 2059 939 2125 oculos,
953 2057 989 2114 erl
1000 2073 1093 2125 aures,
1105 2058 1142 2115 ml
1157 2074 1243 2116 neres

369 2175 387 2215 a
400 2159 470 2214 sede
485 2156 578 2215 enimi
593 2155 763 2230 perforatae.
779 2155 877 2230 itaque
891 2174 978 2230 saepe
989 2161 1039 2213 aut
1052 2155 1242 2230 cogitatione,

370 2262 420 2314 cut
435 2255 531 2330 eliqua
546 2255 578 2312 vi
593 2255 683 2312 morbi
699 2255 840 2329 impediti,
855 2254 962 2328 apertis
977 2259 1063 2329 atque
1077 2255 1197 2329 integris
1212 2259 1244 2312 et

370 2355 472 2424 oeulis,
486 2359 516 2412 et
533 2355 657 2422 curibus,
667 2371 723 2418 neo
735 2353 941 2421 videmus,nec
953 2352 1100 2412 audimus:
1115 2359 1146 2412 ut
1155 2353 1243 2412 laeile

371 2455 498 2527 intelligi
524 2453 623 2528 possit,
637 2454 766 2511 animum
780 2457 810 2510 et
828 2453 937 2520 virlcre,
951 2458 981 2509 et
995 2452 1104 2521 audire,
1119 2469 1177 2510 non
1191 2469 1243 2512 suc

370 2560 476 2626 perles,
504 2569 578 2627 quae
608 2552 690 2627 quasi
723 2552 867 2610 fenestrae
894 2556 962 2609 eunt
994 2551 1104 2609 animis
1139 2553 1244 2626 quibus

370 2661 467 2710 tumen
483 2651 592 2708 sentiro
607 2651 680 2710 nihil
695 2655 781 2726 queat
796 2665 888 2718 mens,
899 2650 955 2708 nisi
970 2649 1000 2708 id
1022 2655 1098 2724 aget,
1113 2655 1144 2708 et
1157 2651 1242 2713 rrtleit¹

371 2751 458 2824 Quid,
477 2751 552 2825 quod
575 2752 678 2807 ecdem
699 2755 797 2806 mente
817 2767 862 2806 res
885 2747 1093 2806 dissimillimas
1114 2767 1244 2822 eompre-

370 2849 534 2915 henrlimus,
561 2853 593 2904 ut
620 2849 758 2914 colorem,
782 2863 924 2920 saporem,
954 2848 1093 2912 calorem.
1114 2851 1243 2918 odorem,

370 2944 493 3006 sotrum?
513 2961 587 3020 quoe
602 2960 757 3020 numquam
778 2945 903 3020 quinque
918 2943 1029 3002 nuntiis
1048 2944 1162 3004 enimus
1176 2964 1244 3022 cog·

369 3052 513 3116 nosceret,
530 3045 586 3104 nisi
600 3046 638 3102 ad
652 3062 717 3102 eum
731 3043 830 3102 omnic
841 3044 1021 3112 reserrentur,
1033 3047 1063 3101 et
1074 3043 1099 3101 is
1113 3045 1244 3106 omnium

363 3149 458 3222 judex
482 3149 560 3206 sulus
585 3149 671 3202 esset.
727 3145 826 3218 Atque
854 3162 889 3202 eo
915 3143 1043 3217 proiecto
1069 3148 1129 3202 trrm
1151 3147 1244 3204 multo

369 3247 493 3320 puriora,
516 3233 546 3303 et
568 3243 742 3302 dilucidiora
767 3248 933 3310 cernentur,
952 3259 1029 3310 cum,
1057 3259 1114 3316 quo
1139 3250 1244 3301 nature

369 3346 432 3413 lert,
461 3345 534 3402 liber
558 3344 671 3402 animus
698 3341 873 3415 pervenerit.
916 3341 995 3400 Num
1015 3357 1093 3398 nunc
1115 3343 1242 3416 quidem,

369 3461 541 3520 quamquam
556 3441 697 3502 lor-omine
713 3439 774 3508 illu,
794 3458 868 3516 quas
894 3445 995 3514 putent
1016 3440 1053 3496 ad
1074 3438 1202 3500 animum
1223 3457 1242 3500 c
1357 3493 1360 3499 .

398 3597 491 3654 “freta
511 3597 553 3642 lllr
572 3595 687 3654 viderunt]
708 3593 816 3644 viderunt
833 3583 892 3644 lor'te
911 3593 1040 3656 delendum,
1059 3608 1073 3644 e
1092 3595 1243 3664 superioribus
1324 3628 1330 3644 ,

370 3655 472 3718 petitum.
493 3655 748 3710 Mnfloellmrlcrorsl.
1028 3681 1032 3688 .
1074 3681 1079 3692 .
1118 3683 1123 3692 .
