2538 4188
454 273 553 322 nrrnu
568 268 747 322 sncuunus.
976 277 1038 342 407
1075 319 1079 326 ,

172 423 256 484 nibus
283 421 440 498 praebent:
461 424 542 480 nulle
566 429 611 480 ert
633 422 714 480 enim
731 420 753 454 ⁸¹
762 405 957 482 insatiabilior
978 441 1042 498 epe·

171 523 243 592 cicc,
270 524 350 579 nulle
375 519 510 594 pulcrior,
539 525 570 578 et
594 523 631 578 ed
659 521 800 579 rationem
827 501 1042 598 sollertiamque

170 621 380 696 praestantior:
401 638 501 677 eorum
530 620 609 677 enirn
634 637 733 677 oureus
760 620 901 690 dimetati,
929 621 1043 679 maturi·

58 715 61 721 ’
171 725 248 778 tates
263 726 432 792 temporum,
446 723 476 775 et
501 720 657 798 varietates
684 719 914 793 mutationesque
936 735 1043 794 cogno

171 819 279 875 vimus.
303 818 416 892 quaesi
439 818 604 877 hominibus
627 820 697 876 eolis
722 824 789 892 notu
803 827 880 885 eunt,
894 812 1045 876 hominum

170 917 249 974 fecte
263 934 326 974 esse
349 935 437 975 cause
451 917 611 990 judicanda
636 925 713 976 sunt.
756 897 852 974 'Ferri
876 933 945 974 vero
967 918 1045 974 loete

120 1047 131 1058 ·
171 1015 307 1088 frugibus,
323 1022 353 1073 et
367 1017 449 1073 vario
464 1017 641 1088 leguminum
656 1034 773 1091 genere,
787 1031 939 1090 quaecum
953 1001 1044 1076 inaxi-

173 1131 221 1172 me
236 1115 368 1188 largitate
382 1115 485 1183 fundit,
499 1135 535 1174 ee
552 1117 726 1182 ferarumne,
739 1132 777 1172 cn
791 1101 941 1172 homiuum
954 1130 1044 1173 cauea

171 1192 292 1288 gignere
304 1213 441 1271 videtur?
461 1215 528 1288 quid
549 1218 587 1272 de
610 1215 719 1272 vitibus
733 1213 907 1289 olivetisque
920 1213 1015 1272 dicum
1030 1209 1043 1271 i

172 1329 290 1387 querum
316 1312 453 1369 uberrimi
466 1293 674 1389 laetissimique
695 1314 803 1372 fructus
826 1313 900 1372 nihil
922 1313 1044 1372 omnino

172 1412 209 1468 ad
224 1411 331 1468 bestius
346 1411 501 1484 pertinent.
525 1413 713 1487 nequeenim
739 1413 864 1481 serendi,
889 1431 983 1486 neque
996 1429 1045 1470 co·

173 1511 263 1576 leodi,
278 1527 335 1567 nec
351 1509 525 1581 tempestive
539 1512 707 1567 demetendi
721 1512 959 1584 percipiendique
972 1511 1046 1567 fruo-

173 1610 229 1673 tus,
244 1626 337 1682 neque
359 1608 507 1664 condendi
521 1623 556 1677 uc
570 1608 730 1679 reponendi
753 1611 814 1665 ulle
827 1609 970 1680 pecudum
991 1607 1045 1665 rci-

64 1781 66 1784 .
174 1707 255 1764 entia
272 1713 317 1763 est
337 1727 344 1762 ε
365 1723 520 1781 earumque
535 1705 664 1763 omnium
684 1706 947 1773 rerum,bominum
960 1709 1045 1764 estet

173 1824 250 1871 usus,
264 1813 294 1865 et
306 1825 388 1864 cura.
430 1805 473 1862 Ut
496 1806 568 1863 fides
582 1805 679 1884 igitur,
693 1812 724 1862 et
738 1805 823 1862 tibias
845 1823 942 1862 eorum
957 1823 1042 1863 cause
1054 1810 1096 1876 63

173 1905 265 1962 factus
279 1907 437 1963 dicendum
452 1910 506 1973 eet,
516 1905 565 1980 qui
574 1905 633 1962 illie
643 1905 690 1961 'uti
701 1910 834 1979 poesunt3
855 1905 898 1960 eie
913 1923 955 1974 eu,
968 1924 1042 1980 quae

171 2003 309 2071 diximus,
324 2005 394 2060 eolis
419 2005 455 2060 iis
477 2005 674 2087 coptitendum
699 2012 830 2060 estesse
858 2010 966 2076 parete,
993 2004 1044 2080 qui

85 2137 89 2146 =
172 2107 297 2160 utuntur.
314 2120 369 2160 nec
384 2102 409 2159 si
431 2119 504 2176 quae
521 2102 632 2160 bestiae
654 2101 782 2158 furentur
805 2101 913 2176 aliquid
928 2121 965 2159 ex
987 2103 1043 2172 hie,

173 2206 223 2260 aut
236 2203 359 2275 rapiunt,
372 2192 485 2259 illerum
509 2219 621 2277 quoque
643 2218 730 2258 cause
750 2218 786 2257 ea
800 2205 868 2258 natu
887 2218 952 2257 enee
966 2193 1043 2258 dice'-

173 2317 246 2358 mue.
288 2285 392 2372 Neque
414 2299 491 2355 enim
513 2299 646 2355 hominen
660 2299 783 2356 murium
796 2304 845 2354 eut
860 2299 1044 2357 formicarum

176 2415 265 2455 cause
278 2397 452 2452 frumentum
463 2399 601 2461 condunt,
615 2397 665 2452 sed
679 2398 835 2471 conjugum
845 2401 876 2454 et
890 2397 1044 2457 liberorum

176 2501 206 2553 et
221 2494 395 2551 familiarum
409 2510 532 2550 suerum.
546 2493 642 2568 itaque
658 2496 768 2551 bestiae
792 2493 901 2560 furtim,
926 2499 955 2550 ut
970 2494 1044 2564 dixi,

172 2595 321 2652 fruuntur:
342 2591 453 2650 domini
469 2595 571 2664 pelam,
585 2599 614 2651 et
636 2593 735 2651 libere.
777 2593 936 2651 Hominum
957 2592 1044 2668 igitur

174 2711 263 2751 carrea
287 2711 337 2750 eas
358 2709 451 2749 rerum
473 2693 574 2765 copiae
595 2697 785 2765 comparatae,
807 2693 955 2751 fatendum
976 2698 1042 2752 est:

174 2792 232 2850 nisi
247 2793 318 2848 forte
330 2797 411 2849 tante
425 2792 548 2856 ubertus,
563 2796 592 2847 et
607 2790 732 2848 varietas
754 2809 918 2864 pomorum,¹
933 2809 1044 2852 eorum·

175 2909 230 2966 que
238 2889 385 2964 jucundus
400 2907 457 2947 non
472 2895 601 2964 gustatus
614 2891 717 2956 solnm,
730 2891 781 2946 sed
795 2871 929 2949 odoratus
953 2877 1043 2950 etiam

57 3017 63 3026 ·
176 2994 207 3046 et
221 2989 374 3060 adspectus
388 2989 597 3046 dubitationem
609 2988 699 3055 effert,
713 2987 781 3063 quin
796 2967 959 3048 bominibus
972 2989 1042 3048 soli·

175 3105 212 3145 eu
226 3092 327 3144 nutura
347 3088 508 3144 donaverit.
524 3069 690 3161 tentquue
710 3089 802 3154 abest,
815 3095 845 3144 ut
867 3088 942 3144 haec
957 3087 1043 3145 besti-

174 3202 256 3244 erum
270 3179 358 3242 etidm
372 3202 460 3242 cauea
474 3191 572 3258 paratu
585 3186 654 3252 nint,
668 3191 699 3242 ut
719 3186 795 3257 ipece
819 3184 927 3241 bestiae
953 3185 1044 3243 bomi-

175 3302 246 3344 num
273 3284 365 3356 gmtie
392 3291 545 3357 generatas
571 3301 636 3341 eme
661 3283 819 3340 videamus.
861 3281 938 3353 Quid
963 3281 1044 3344 eninr

175 3399 248 3444 oves
259 3382 337 3440 aliud
352 3381 481 3452 efferunt,
497 3381 554 3438 niei
568 3388 597 3440 ut
609 3399 706 3440 eurum
719 3379 946 3443 vitriacontectis
956 3383 1043 3460 elque

205 3535 227 3575 ⁸¹
240 3536 390 3590 insatiabilior
398 3534 486 3600 species]
501 3547 523 3584 v.
534 3535 600 3587 (ilar.
610 3535 634 3584 iu
642 3532 783 3586 {nummio
