2326 4066
258 282 325 348 lto
536 268 929 332 remunerandorum

259 443 318 506 que
330 441 390 484 noo
403 423 436 482 iu
454 429 569 494 unam,
583 443 642 484 oon
663 425 695 485 in
707 426 863 496 ooneioue‚
876 443 936 486 ooo
952 425 1030 502 apud
1048 445 1133 489 exer·

259 525 361 593 ellum,
377 542 471 600 neque
484 525 561 597 apud
575 542 712 584 oeueoree
725 525 825 586 dieere
846 527 981 586 audeam.
995 528 1049 586 eed
1062 545 1133 589 oum

258 624 325 687 letis
339 625 421 691 aliae,
434 630 465 681 el
478 641 515 682 eo
538 624 654 700 quidem
669 626 778 693 animo,
792 627 904 684 nullum
922 633 955 684 ut
979 632 1132 688 oertameu

258 723 429 785 inatiluem:
451 741 552 782 verum
582 723 751 782 dicentibus
770 723 859 783 ieoile
878 725 992 784 oedem.
1020 729 1137 792 mun

259 825 445 886 admonebo:
465 823 492 882 ei
515 823 643 881 maxime
664 839 765 882 verum
785 822 835 891 eil,
847 823 884 881 ad
907 840 1013 898 eorpue
1032 825 1134 886 omnin

258 924 365 985 relerre
391 923 575 998 eapientem:
603 921 680 990 eive,
699 927 730 980 ut
751 921 902 980 houertiue
927 922 1035 992 dnum,
1056 922 1134 984 uilril

259 1024 368 1094 iuuere,
389 1022 448 1083 oiei
472 1023 549 1099 quod
568 1021 725 1097 expediat:
746 1020 811 1080 eive
837 1020 937 1080 omnia
964 1022 1071 1081 relerre
1094 1021 1135 1084 ed

260 1125 417 1184 utilitatem
431 1141 532 1182 suem:
552 1123 690 1199 quoniam
703 1123 777 1181 haee
791 1121 958 1195 plausibilia
972 1139 1032 1182 uon
1055 1127 1135 1200 eunt,

261 1229 294 1282 ut
303 1224 335 1282 io
348 1223 414 1282 sinu
427 1223 585 1298 gaudeam,
597 1221 723 1297 glorioee
736 1220 816 1297 loqui
825 1221 973 1281 desinant.

189 1338 195 1347 ‘
209 1330 252 1394 22
301 1322 534 1398 Cyrenaicorum
546 1327 635 1380 restat
654 1320 819 1378 replentia:
840 1320 964 1396 quitum
977 1320 1136 1396 aegritudi·

259 1438 330 1483 uem
342 1428 467 1500 oannem
487 1420 678 1488 exinterari
692 1419 881 1494 nee-opinato
893 1420 963 1496 quid
986 1419 1136 1480 evenerit.

259 1528 306 1582 eet
316 1522 346 1581 id
359 1520 477 1598 quidem
491 1537 637 1596 magnum,
650 1523 681 1577 ut
700 1535 786 1592 supra
798 1517 872 1577 dixi.
886 1519 977 1577 etiam
992 1519 1134 1596 Chrysip-

259 1622 356 1698 poile
374 1621 469 1680 videri
492 1622 566 1688 noio,
589 1621 665 1697 quod
689 1618 837 1694 pruvinum
865 1624 934 1676 aule
958 1636 1019 1678 uon
1039 1620 1089 1690 eil,
1102 1619 1134 1679 id

259 1723 347 1782 lenire
367 1720 580 1779 veliementior.
610 1720 661 1776 aed
696 1736 756 1777 uon
783 1724 851 1777 eunt
877 1717 910 1776 iu
934 1718 990 1778 hoe
1017 1721 1135 1779 omnint

260 1836 433 1896 quamquam
447 1819 572 1876 hoedum
588 1835 693 1891 repens
706 1819 850 1877 adventur
870 1815 891 1850 ⁸⁸
900 1818 991 1894 magio
1004 1819 1134 1895 aliquau-

260 1923 293 1977 lo
306 1919 470 1985 conturbat,
483 1934 567 1991 quarn
578 1921 783 1990 exepeotatue:
805 1923 834 1975 et
853 1918 940 1977 marie
953 1917 1048 1976 nubila
1062 1924 1134 1978 lem·

261 2009 368 2093 perlae,
379 2032 465 2092 quam
475 2021 543 2072 ante
557 2016 674 2100 proviea
685 2021 773 2074 lerrel
787 2015 962 2091 navigantee
977 2006 1135 2077 veliemen-

261 2117 339 2178 tiue:
360 2121 390 2174 et
411 2115 553 2190 ejdemodi
566 2121 634 2172 eunt
658 2117 802 2190 pleraque.
818 2116 869 2173 eed
894 2132 961 2174 oum
974 2117 1137 2192 diligenter

261 2216 513 2291 ueoopinatorum
533 2223 665 2273 naturam
679 2215 856 2284 consideres,
870 2214 945 2274 ninii
959 2215 1039 2273 aliud
1055 2234 1138 2290 repe·

261 2317 329 2385 riae,
343 2316 400 2375 uiri
413 2316 512 2375 omnia
535 2316 629 2373 videri
643 2315 738 2373 subita
759 2314 889 2388 majora:
910 2319 941 2372 et
956 2315 1080 2389 quidem·
1095 2315 1135 2372 ob

258 2418 334 2478 ‚duae
348 2433 472 2475 caueae:
494 2415 625 2489 primum,
645 2416 731 2490 quod,
744 2421 852 2490 quauta
875 2414 935 2472 eint
956 2432 1030 2489 quae
1057 2412 1136 2472 eooi-

262 2517 345 2585 dunl,
358 2516 563 2575 considerandi
584 2517 709 2588 epatium
737 2531 797 2572 non
820 2515 919 2571 datur:
940 2514 1047 2570 deinde
1067 2531 1136 2573 oum

257 2617 381 2675 ,videtur
393 2615 563 2690 praecaveri
584 2615 722 2688 potuieee,
743 2613 769 2671 ei
790 2615 937 2687 pruvinum
952 2619 1038 2680 eeeet,
1052 2610 1135 2686 quasi

263 2720 349 2792 eulpa
359 2723 541 2776 eoutraotum
552 2717 658 2772 malurn
670 2714 883 2789 aegritudinem
896 2713 1038 2771 aeriorem
1052 2711 1133 2768 lacit.

265 2818 350 2892 Quod
365 2817 406 2875 ita
420 2835 484 2874 esee
508 2816 572 2873 dies
595 2816 745 2872 declarat:
765 2832 838 2890 quae
852 2814 1012 2887 procedens
1027 2813 1067 2869 ita
1082 2809 1136 2868 mi·

263 2919 346 2993 tigal,
359 2925 402 2988 ut,
415 2919 518 2975 iisdem
544 2914 627 2973 malie
648 2914 842 2978 manentibus,
856 2930 914 2971 uon
935 2913 1022 2970 modo
1043 2909 1135 2969 lenia·

263 3023 310 3078 lur
322 3019 481 3093 aegritudo,
494 3016 545 3072 eed
567 3015 598 3072 iu
623 3014 766 3088 plerieque
781 3013 907 3068 tollatur.
950 3008 1138 3084 Karthagini·

263 3137 349 3178 eures
364 3117 446 3174 multi
456 3116 567 3173 Romae
579 3112 754 3174 servierunt,
768 3108 948 3166 Macedones
963 3126 1031 3183 rege
1044 3108 1134 3165 Perae

263 3224 359 3291 euplo.
372 3217 434 3274 vidi
450 3214 538 3270 eliam
552 3212 584 3269 in
601 3211 812 3283 Peloponneso,
827 3223 894 3264 cum
914 3224 1008 3264 eruero
1023 3207 1135 3262 adoles·

263 3336 345 3385 eene,
358 3316 496 3391 quosdam
512 3309 690 3370 Corinthios.
706 3310 736 3367 hi
751 3312 885 3385 poteraut
906 3323 1008 3364 omuee
1031 3305 1140 3364 eudem

263 3415 363 3475 iliade
378 3415 584 3473 Andromacha
596 3410 758 3483 deplorare,

256 3526 257 3531 ¹
293 3568 316 3603 ⁸⁰
329 3570 400 3628 mugit
416 3565 548 3632 dimoto]
579 3568 618 3621 sic
627 3571 651 3613 et
666 3566 689 3615 in
699 3567 757 3616 Mer.
775 3565 888 3626 repertum
899 3565 941 3617 eet,
952 3564 976 3608 et
991 3560 1083 3609 elidere
1092 3557 1136 3612 st

263 3627 312 3693 dur,
322 3625 432 3689 Maeotii,
446 3625 575 3697 lembinun,
585 3627 702 3688 Davieiue.
712 3629 752 3680 alii
761 3623 882 3688 olquam
892 3621 1076 3686 quoduilrilierl.
