2552 4208
463 317 727 372 mnnarnarrus.
989 289 1062 389 mi

183 468 324 539 meretur,
345 485 406 530 non
431 469 495 544 nn
521 447 705 528 diuturnam.
747 467 806 528 me
832 465 906 528 mint
929 454 1101 528 aremuli

182 569 409 628 mediocritates.
431 569 545 645 quaesi
566 571 711 628 naturales
731 575 808 636 sunt,
830 568 898 642 quid
922 584 993 642 opus
1008 573 1054 626 est

181 666 407 728 consolatione?
426 675 529 728 natura
553 670 633 730 enim
652 669 717 743 ipsa
737 668 905 730 terminabit
926 671 1053 728 modum.

181 765 229 825 sin
242 767 415 842 opinabiles,
427 767 528 842 opinio
541 773 602 827 tota
626 771 752 827 tollatur.
767 771 838 828 satis
861 767 972 826 dictum
988 784 1053 828 ease

181 866 313 936 arbitror,
324 867 544 942 aegritudinem,
558 885 623 926 esse
644 867 813 941 opinionem
836 867 906 925 mali
921 883 1054 940 praesen·

183 963 231 1030 tia,
245 965 276 1023 in
290 983 346 1041 qua
365 965 505 1040 opinione
519 965 591 1027 illud
615 967 695 1038 insit,
709 973 740 1027 ut
760 966 974 1044 aegritudinem
994 982 1054 1024 sue

183 1062 282 1137 cipere
295 1072 438 1138 oporteat.

224 1163 353 1222 Additur
373 1167 411 1224 ad
425 1167 501 1227 banc
519 1167 720 1226 definitionem
741 1166 898 1226 ezenone
912 1173 1004 1239 recte,
1024 1169 1056 1228 ut

181 1258 234 1318 illa
244 1262 345 1335 opinio
359 1265 519 1338 praesentis
534 1267 604 1325 mali
622 1267 661 1324 sit
674 1283 786 1324 recens.
803 1266 858 1324 boo
879 1273 976 1326 autem
992 1283 1056 1328 ver·

181 1359 251 1418 bum
263 1361 307 1420 sic
327 1363 527 1438 intepretatur,
541 1371 573 1422 ut
588 1383 646 1424 uon
661 1370 774 1424 tantum
788 1365 865 1454 illud
874 1383 977 1424 reeens
990 1384 1056 1426 cess

182 1461 266 1528 velit,
279 1464 355 1536 quod
370 1467 467 1536 paullo
478 1469 546 1522 ante
560 1464 711 1531 acciderit,
722 1466 783 1532 sed,
798 1482 884 1539 quam
894 1466 944 1522 diu
958 1466 989 1523 in
1003 1466 1057 1526 illu

181 1558 302 1633 opinato
316 1562 393 1619 malo
407 1563 453 1619 ris
464 1562 605 1636 quaedam
613 1562 692 1632 insit,
705 1560 727 1594 ¹⁸
736 1569 767 1619 et
781 1563 891 1636 vigeat,
905 1568 935 1620 et
950 1565 1058 1624 lrabeat

182 1658 327 1734 quandam
343 1659 531 1729 viriditatem,
553 1665 612 1718 tam
626 1661 676 1717 diu
698 1662 860 1738 appelletur
883 1679 1003 1719 recens:
1024 1665 1058 1722 ut

183 1757 345 1816 Artemisia
371 1758 432 1828 illa,
460 1759 598 1828 Mausoli,
617 1759 722 1818 (leriae
745 1761 831 1838 regis,
857 1778 948 1831 uror3
981 1779 1057 1836 quae

179 1855 283 1916 nobile
303 1856 375 1915 illud
398 1858 602 1918 Halicarnasei
628 1858 699 1916 lecit
724 1862 897 1932 sepulcrum.
920 1861 1057 1936 quamdiu

182 1958 273 2031 vixit,
289 1949 365 2018 'vixit
378 1960 409 2018 in
429 1961 518 2026 tuctu,
529 1961 689 2033 eodemque
703 1959 792 2017 etiam
807 1959 942 2018 contecta
956 1968 1056 2020 conta·
1154 2007 1174 2034 ,

181 2062 253 2121 buit.
275 2061 343 2118 huic
362 2064 424 2117 erat
438 2059 490 2118 illa
502 2057 604 2131 opinio
617 2057 748 2133 quotidie
763 2075 884 2117 recena:
905 2077 979 2135 quae
994 2067 1056 2120 tum

181 2161 308 2236 denique
340 2158 362 2193 ⁹¹
380 2147 440 2219 nori
475 2159 638 2234 appellatur
665 2175 778 2227 reeens,
813 2175 881 2218 cum
909 2165 1056 2220 vetustate

183 2260 308 2320 exaruit.

223 2360 308 2418 llaec
321 2359 410 2434 igitur
420 2357 516 2417 officia
529 2361 597 2415 sunt
610 2356 835 2425 consolantium,
848 2359 951 2416 tollere
964 2355 1061 2433 aegri·⁴

184 2458 317 2516 tudinem
342 2457 479 2524 funditus,
504 2462 554 2513 aut
581 2457 692 2523 sedare,
720 2461 768 2512 aut
795 2456 946 2515 detrahere
969 2473 1057 2531 quarn

181 2557 346 2632 plurimum,
360 2561 410 2613 aut
429 2555 615 2629 supprimere,
639 2571 694 2611 neo
710 2553 770 2627 pati
791 2573 909 2613 manare
933 2558 1057 2631 longior,

182 2653 265 2713 ¹'aut
292 2657 330 2715 ad
352 2654 410 2713 alia
433 2660 562 2713 mentem
587 2655 747 2712 traducere.
790 2655 874 2718 Sunt,
898 2657 948 2730 qui
967 2673 1057 2716 unum

182 2755 310 2812 officium
324 2754 503 2813 consolantia
518 2759 629 2825 putent,
644 2755 752 2810 rnatum
773 2753 846 2811 illud
859 2753 977 2810 omnino
996 2773 1057 2814 non

182 2869 257 2924 esee,
271 2860 303 2911 ut
317 2852 456 2912 Cleanthi
470 2853 577 2925 placet.
601 2854 679 2918 sunt,
699 2852 747 2927 qni
761 2868 821 2910 non
847 2869 984 2927 magnum
998 2869 1057 2912 ma·

213 3007 237 3042 ¹⁰
252 3011 273 3054 et
280 3007 383 3073 rubent]v
404 3004 507 3054 Davisius
518 3009 544 3054 ut
553 3021 574 3053 v.

213 3087 238 3122 ²¹¹
252 3087 458 3144 nmioppellnlrotcr
477 3086 562 3147 recens]
580 3100 624 3132 non
640 3085 721 3157 placet.
740 3083 833 3132 deberet
849 3085 910 3147 seqrd
925 3088 1055 3139 mamurra

183 3147 315 3208 [regendum
325 3147 480 3204 appellabitur,
495 3145 539 3200 vet,
551 3153 575 3192 ut
591 3153 624 3192 est
641 3161 663 3192 rn
676 3145 721 3194 Me.
735 3145 789 3192 Buls.
807 3159 843 3206 ap.
858 3146 933 3193 Davia.
949 3153 972 3192 et
992 3148 1055 3198 leid.

183 3221 218 3255 s.
237 3206 357 3254 Bulrerium
376 3207 512 3264 appellaturi
542 3219 576 3251 res
594 3205 652 3252 enirn
670 3203 768 3266 pertinet
787 3206 815 3251 ad
835 3220 903 3264 genus
921 3206 1055 3255 universum.

182 3223 291 3314 dinarius
299 3265 398 3326 praefert
409 3266 458 3312 hoc.
469 3263 499 3310 nil
510 3264 611 3321 interest,
627 3265 669 3312 nisi
679 3265 738 3326 quod
752 3263 775 3310 in
793 3263 835 3310 illo
852 3265 974 3322 legendum
986 3267 1057 3316 etiam

183 3325 278 3372 uidetur
287 3323 409 3370 emeruerit.
421 3325 497 3384 itaque
512 3324 559 3386 ipae
574 3325 615 3370 hoc
626 3323 729 3394 praetuli.
763 3321 858 3370 {librarii
875 3330 992 3386 putavere,
1008 3341 1057 3374 reru

183 3385 211 3431 sd
229 3384 297 3489 idagia
308 3383 460 3430 narrationem
477 3383 507 3430 de
528 3383 648 3431 antemna
665 3383 785 3446 pertinere.
804 3382 882 3445 itaque
899 3397 926 3430 aa
942 3397 971 3429 eo
984 3383 1058 3434 beers

184 3457 237 3501 eppe
248 3445 269 3489 lu
299 3446 345 3489 tcr.

213 3520 236 3552 Ν
250 3525 291 3567 cut
304 3520 334 3568 ad
343 3519 410 3566 utinm
420 3519 544 3581 ammae}
563 3521 633 3568 cltum
642 3535 719 3568 rerum
730 3535 830 3569 mnenon
841 3525 924 3584 potest.
951 3521 1057 3573 Davisius

182 3577 264 3626 abta.
283 3578 475 3626 tentaturam
494 3587 518 3625 es
534 3581 566 3626 nc
584 3580 671 3644 aliquid
685 3581 764 3631 deesse
782 3581 884 3637 videtur
901 3595 930 3634 en
943 3583 1061 3636 mntem-²

182 3637 245 3714 quod
254 3643 277 3686 et
286 3637 310 3687 tn
319 3637 363 3688 tiu.
374 3642 409 3688 cst
418 3638 458 3688 ret
467 3651 517 3691 oum
526 3639 562 3688 st.
651 3671 656 3682 .
