2552 4208
227 311 291 376 tto
492 301 888 376 montaneorum

225 455 350 514 uerbum
371 453 584 526 aooutideude,
605 457 681 531 qaod
697 454 789 514 laudis
804 461 859 514 ert.
872 454 924 532 qut
938 459 1037 516 tutem
1053 463 1104 518 'eet

224 553 331 623 fidene,
353 553 523 626 iapmteeto
537 573 596 614 noo
611 555 790 614 extimescit.
814 556 963 630 discrepat
983 557 1064 616 euim
1084 575 1104 618 ι

222 653 368 720 timendo,
380 655 538 712 confidere.
558 652 675 730 “atque
690 655 720 712 in
742 671 828 730 quem
844 655 924 714 eadit
938 655 1107 730 aegritudo,-

225 752 259 813 io
273 754 397 812 eundem
412 753 506 812 timor.
521 771 639 830 quarum
665 754 743 812 euim
768 771 861 812 rerum
874 754 1042 828 nmeaeutta
1056 773 1101 819 eu

223 870 289 912 mue
299 852 331 910 iu
341 853 532 928 aegritudine,
544 855 661 912 eaedem
673 853 886 928 imprudenter,
900 858 932 912 et
946 854 1100 914 venientet

224 949 369 1024 timemus.
383 951 426 1009 ita
436 951 478 1019 tit,
492 958 523 1010 ut
538 952 701 1010 tortitudini
712 952 864 1027 aegritudo
877 959 1029 1030 repugnet.
1049 971 1100 1013 ve·

222 1049 344 1108 risimite
364 1055 409 1108 eet
436 1051 533 1126 igitur,
547 1051 579 1110 in
603 1070 689 1126 quem
710 1054 798 1110 cadat
817 1054 978 1128 aegritudo,
991 1056 1098 1114 eadere

225 1148 255 1208 in
270 1151 395 1208 eundem
409 1151 553 1218 timorem,
567 1157 598 1210 et
617 1149 853 1211 ¹⁵iutraetionem
864 1155 1009 1228 quondam
1032 1154 1096 1214 ani·

101 1290 110 1298 -
223 1250 274 1319 mi,
294 1257 325 1308 et
344 1250 559 1312 demissionem.
575 1269 649 1328 quae
671 1251 702 1308 io
729 1269 815 1327 quem
836 1253 956 1321 oaduut,
976 1253 1007 1310 iu
1028 1267 1098 1312 auu·

223 1351 292 1408 dem
304 1350 394 1416 eadit,
407 1356 440 1407 at
453 1350 573 1419 eerviat,
594 1354 625 1408 ut
639 1350 751 1411 vietum
765 1369 796 1410 ae
811 1353 984 1428 quandoque
1003 1350 1098 1412 ”aaa

222 1448 357 1507 fateatur.
373 1465 447 1524 quae
461 1449 510 1524 qui
524 1448 639 1522 reeipit,
662 1450 786 1525 reotpiat
802 1450 881 1511 idem
903 1467 1025 1510 neceam
1051 1456 1099 1512 eat

96 1605 100 1613 ,
223 1547 421 1616 timiditatem,
434 1552 465 1606 et
485 1547 647 1624 ignaviam.
662 1567 721 1608 ooo
735 1551 843 1608 eadunt
857 1555 955 1608 autem
969 1551 1044 1608 haeo
1064 1550 1097 1610 io

222 1647 318 1706 vuum
334 1648 450 1706 sortem.
471 1647 618 1722 igiturne
639 1648 791 1724 aegritudo
809 1649 935 1725 quidem.
956 1655 987 1708 et
1009 1665 1097 1708 nemo

222 1747 349 1820 sepiem,
377 1747 435 1805 uiri
462 1747 553 1809 tortia
594 1749 665 1806 Nou
690 1749 771 1808 eadit
791 1765 861 1824 engo
878 1749 910 1807 in
932 1750 1096 1823 sapientem

221 1845 382 1920 aegritudo.
424 1845 581 1904 Praeterea
595 1863 718 1910 ueeeaee
735 1853 790 1916 eat,
803 1849 853 1924 qui
872 1847 953 1906 t'ortie
966 1848 1015 1917 ait,
1027 1865 1096 1908 eoo·

221 1945 289 2002 dem
311 1963 375 2002 erre
390 1947 487 2021 magni
512 1947 619 2005 animi:
641 1946 690 2021 qui
712 1946 812 2021 magui
825 1947 916 2005 animi
929 1947 979 2016 eit,
1001 1946 1096 2008 invio

222 2047 300 2102 tum:
320 2043 370 2119 qui
389 2045 519 2104 invictus
539 2046 588 2113 ait,
608 2062 675 2103 eum
700 2063 745 2104 rer
770 2046 910 2104 humanae
933 2045 1096 2121 despicere,

218 2141 307 2220 atque
315 2144 390 2203 intra
402 2162 435 2202 ee
450 2144 559 2218 ponitur
572 2145 715 2202 arbitrari.
729 2145 882 2218 deapieere
893 2149 992 2204 eutem
1007 2163 1096 2204 nemo

220 2249 317 2320 puteat
337 2262 388 2302 ear
403 2262 458 2311 rea,
474 2250 591 2318 propter
603 2261 676 2318 quae
689 2243 872 2319 aegritudine
886 2243 964 2304 adini
987 2247 1095 2318 pateat.
1211 2271 1216 2276 ·

219 2361 258 2400 ex
280 2361 337 2418 quo
351 2345 484 2410 effioitur,
497 2343 600 2400 iontem
623 2342 718 2400 virum
742 2343 925 2416 aegritudine
939 2359 1096 2424 numquam

218 2442 306 2500 affini.
327 2459 428 2501 omoer
442 2446 540 2500 autem
553 2441 714 2515 rapientes,
728 2442 826 2499 sortes.
843 2459 901 2500 noo
913 2442 994 2500 uadit
1008 2443 1096 2517 igitur

220 2541 253 2600 io
281 2542 445 2615 metentem
465 2541 626 2616 aegritudo.
655 2549 687 2600 et
716 2543 960 2614 quemadmodum
993 2545 1094 2600 oeutua

220 2643 418 2710 nonturbatua,
437 2657 498 2699 uon
518 2644 563 2697 eet
584 2639 674 2712 probe
693 2640 815 2698 affeetur
836 2641 872 2698 ad
894 2658 978 2699 auum
993 2659 1096 2700 munus
1142 2649 1144 2653 ’

219 2741 414 2816 iungendum:
434 2744 465 2797 et
480 2740 609 2816 retiquae
624 2744 729 2812 parter,
753 2745 885 2798 totumve
899 2757 1003 2815 corpur
1017 2746 1094 2799 statu

219 2858 286 2900 oum
304 2845 350 2898 eat
373 2845 491 2908 motum,
502 2839 587 2897 deest
596 2838 694 2897 offioio
707 2857 761 2897 suo
774 2844 804 2896 et
819 2840 951 2898 muneri:
970 2840 1015 2898 eie
1025 2857 1094 2900 eoo·

220 2941 348 2997 turbatur
361 2940 486 3006 animur,
506 2955 564 2996 ooo
579 2945 625 2996 eat
639 2947 723 3012 aptue
742 2939 779 2994 ad
793 2941 1012 3014 exsequendum
1035 2957 1094 2998 mu

218 3055 273 3096 uua
285 3053 377 3096 ruunt.
401 3054 504 3095 munus
517 3043 616 3094 autem
638 3037 730 3093 animi
745 3044 798 3104 eat,
813 3039 926 3095 ratione
941 3039 1016 3095 bene
1033 3039 1091 3097 uti:

218 3141 249 3194 et
269 3135 411 3211 sapientie
422 3135 535 3192 animur
549 3134 592 3194 ita
606 3153 721 3210 semper
734 3136 853 3195 effeetus
866 3143 920 3206 eat,
934 3142 966 3194 ut
978 3137 1093 3195 ratione

217 3309 411 3432 afflamine.
422 3322 441 3356 r.
452 3308 496 3371 aa]
512 3308 564 3372 quia
580 3312 615 3398 ert
634 3310 747 3369 manantia,
765 3311 869 3360 Davisius
888 3327 902 3360 e
921 3311 980 3360 Mat.
1001 3309 1093 3372 enrrigit

246 3452 270 3485 ²⁵
284 3449 439 3509 infractionem
449 3447 560 3508 mundum
571 3449 642 3496 anino
668 3450 781 3510 meandum
791 3465 832 3511 pro
842 3451 936 3511 vulgato
945 3413 1037 3513 quidam
1044 3449 1091 3499 Dt-

215 3510 290 3558 ririur.
303 3512 367 3557 beue.
379 3506 494 3568 neptum
501 3507 558 3554 Men.
567 3508 634 3556 etiam
665 3511 717 3558 uett.
729 3517 753 3558 et
763 3511 814 3558 edd.
823 3516 879 3558 vett.

246 3589 269 3622 ¹⁸
283 3585 443 3647 msrsuteotur]
460 3597 502 3632 aare
510 3585 629 3636 delendum
639 3595 702 3652 puto.
