2552 4208
241 307 282 368 ω
476 295 611 346 niiscun
630 295 876 350 outasstonuu

239 448 325 506 thena
340 447 477 514 dolorem,
499 464 584 522 quem
608 447 719 520 excipit
747 449 785 504 ob
809 447 914 504 lunum
942 447 1111 520 Lemnium,

238 549 317 606 unde
346 547 422 622 iguis
451 549 529 604 lucet
557 546 734 614 mortalibus,
761 549 840 604 elam
867 547 1004 608 divisus?
1044 567 1112 608 eum

238 648 342 705 doctus
370 647 558 704 Prometheus
586 645 725 720 clepsisse
748 648 826 713 dolo,
852 664 1016 721 poenasque
1038 647 1110 704 lovi

238 745 300 803 lato
314 746 488 820 expendisse
499 763 642 818 supremo.
675 747 736 802 llas
750 746 838 820 igitur
848 763 957 819 poenas
972 748 1114 821 peneleus,

238 845 342 904 affixus
355 848 391 903 ad
407 849 572 904 Caucasum
586 847 659 902 haee
673 846 768 934 elicit„

272 963 402 1018 Titanum
413 967 526 1024 soboles.
538 963 611 1017 socia
623 968 707 1018 nostri
721 967 864 1034 sanguinis.

271 1055 408 1109 Generata
420 1057 504 1116 caelo,
518 1055 652 1123 adspicite
666 1056 810 1123 religatum
824 1057 927 1122 asperis

269 1145 454 1216 vinctumque
467 1149 545 1204 saxis.
561 1159 657 1196 navem
671 1152 702 1196 ut
714 1146 851 1196 horrisono
866 1147 936 1196 lietu

269 1235 389 1288 Noctem
404 1241 534 1302 paventes
549 1234 638 1286 timidi
652 1234 802 1286 adnectunt
815 1237 935 1287 navitae.

272 1329 409 1378 saturnius
423 1341 466 1376 me
479 1325 518 1376 sic
531 1325 618 1376 inlexit
632 1323 751 1390 Jupiter,

270 1413 400 1484 locisque
414 1429 513 1466 numen
529 1413 656 1465 Mulcillri
669 1414 767 1466 ascivit
781 1429 884 1468 manus.

268 1503 328 1574 Hos
341 1506 388 1556 ille
408 1516 536 1556 penaeas
549 1503 651 1555 taurica
663 1503 766 1555 crudeli
780 1504 907 1568 inserens,

268 1593 395 1663 Perrupit
408 1599 498 1646 artus:
518 1609 571 1664 que
584 1594 666 1646 miser
679 1595 802 1646 sollertia

267 1685 522 1746 Transverheratus,
536 1690 655 1738 castrum
669 1685 719 1736 hoc
733 1684 862 1737 turianum
876 1687 973 1740 incolo.

266 1777 330 1829 Jam
343 1783 427 1828 terto
441 1791 483 1826 me
496 1791 603 1842 quoque
617 1773 724 1826 lunesto
736 1772 790 1834 die,

267 1865 354 1918 Tristi
368 1865 503 1922 advolent,
517 1863 626 1914 aduncis
640 1863 760 1914 lacerans
774 1868 906 1934 unguibus

267 1953 345 2007 Jovls
358 1955 468 2006 satelles
482 1957 559 2020 pastu
573 1953 684 2004 d³leniat
699 1952 765 2006 saro.

266 2043 339 2096 Tum
352 2047 445 2110 jecore
457 2045 548 2110 opimo
561 2041 631 2094 tarta
645 2048 674 2094 et
683 2046 792 2102 satiata.
807 2045 912 2100 affatim

265 2133 426 2202 clangorem
439 2131 525 2184 fundit
538 2139 653 2192 vastum,
666 2139 695 2186 et
715 2134 734 2165 ³¹
743 2137 859 2188 sublime
877 2137 996 2200 avolans,

264 2225 381 2278 Pinnata
392 2223 477 2276 cauda
489 2228 609 2276 nostrum
622 2223 715 2277 adulat
727 2227 895 2294 sauguinem.

264 2315 332 2368 Cutn
346 2330 411 2367 voro
423 2313 532 2366 adesum
546 2313 638 2370 inflatu
652 2325 810 2370 renovatum
825 2322 867 2369 est
881 2319 968 2385 jecur,

264 2405 336 2479 Tum
350 2419 438 2456 rtsrsns
451 2411 552 2456 taetros
565 2403 644 2456 avida
656 2419 684 2456 se
697 2404 730 2456 ad
744 2412 836 2472 pastus
850 2405 943 2459 refert.

225 2487 227 2491 ’
264 2495 308 2546 Sic
321 2496 420 2546 ³²hauc
432 2494 570 2547 custodem
583 2496 680 2552 moesti
700 2501 835 2548 eructatus
847 2498 906 2551 alo:

264 2585 342 2642 Quae
356 2603 399 2638 me
411 2590 533 2654 peremui
547 2588 638 2640 vivum
652 2586 742 2639 foedat
755 2587 873 2640 miseria.

260 2675 396 2746 Namque.
410 2683 441 2729 ut
455 2676 562 2736 videtis,
577 2676 670 2728 vinclis
683 2679 845 2729 constrictus
857 2676 942 2740 lovis.

257 2768 362 2840 ,iecere
375 2783 479 2837 nequeo
493 2767 579 2818 diram
593 2767 730 2822 volucrem
744 2783 760 2818 a
772 2772 896 2834 pectore.

260 2862 304 2914 Sic
318 2875 362 2912 me
375 2859 433 2925 ipse
446 2857 540 2910 viduus
554 2861 646 2924 pestes
659 2860 767 2924 excipio
780 2860 881 2920 anxias,

260 2950 361 3014 Amore
375 2949 468 3000 mortis
482 2950 628 3000 terminum
642 2951 784 3016 acquirens
804 2949 878 3001 mali.

273 3038 308 3092 ed
322 3040 399 3106 louge
412 3055 429 3089 a
442 3039 499 3089 leto
512 3038 622 3090 numine
636 3039 753 3102 aspellor
765 3037 850 3090 lovis.

259 3130 352 3196 Atque
365 3129 433 3179 haec
444 3131 555 3178 vetusta
567 3127 662 3180 saeclis
675 3129 824 3194 glomerata
836 3128 961 3190 horridis,

252 3277 275 3310 ³⁰
289 3290 370 3323 cuneos
384 3301 392 3312 ·
407 3301 416 3310 -
430 3273 549 3333 inseram]
590 3271 739 3321 Valkeuariuc
758 3275 787 3321 ad
804 3275 915 3323 Herodot.
933 3291 955 3337 p.
972 3279 1023 3324 627.
1040 3254 1098 3322 ime*-

222 3351 273 3406 qeos
283 3334 326 3408 nou
338 3341 414 3397 aptum
424 3335 478 3383 catis
490 3331 596 3390 Aeschyli
606 3333 813 3396 grandiloquentiae
827 3343 900 3397 putat,
912 3336 1042 3396 mavultque
1053 3336 1098 3394 legi

222 3411 332 3442 sescenos.

232 3443 233 3450 ἵ
252 3476 273 3507 ³¹
289 3449 382 3520 sublime
391 3471 516 3532 acolaco]
549 3469 610 3517 Bene
622 3469 734 3530 Bentlejus
749 3475 855 3528 walens.-
871 3475 930 3538 quod
942 3489 977 3522 res
987 3473 1097 3535 postulat.

223 3534 255 3584 sic
264 3531 364 3578 uuecsuri
372 3546 438 3592 saepe
446 3539 555 3577 mutatum
567 3538 600 3577 eat
610 3531 632 3576 in
642 3533 765 3579 adversari.

249 3611 273 3645 ³²
288 3611 345 3656 hunc
361 3610 486 3670 cuondam]
519 3609 593 3667 Vulgo
604 3610 662 3655 male
677 3611 754 3668 leuem·
770 3611 818 3670 jam
837 3611 867 3660 sic
882 3619 1005 3662 correctum
1022 3611 1045 3658 iu
1056 3610 1092 3658 ed.

223 3669 320 3720 Davisii.
330 3670 386 3716 item
396 3681 417 3715 v.
428 3682 472 3728 seq.
484 3683 539 3728 quae
548 3683 588 3728 pro
599 3669 657 3728 vulg.
675 3669 721 3728 qui.
