2548 4208
233 335 299 398 22⁴
484 317 618 377 ruscea
638 307 881 380 ousesrrcuou'

232 492 349 550 semper
373 473 500 549 sepiens.
524 446 610 551 quam
634 475 690 537 sibi
710 475 880 544 conveniet,
898 473 963 549 ipse
987 473 1108 534 viderit.

235 575 338 634 Gloria
348 575 464 649 quidem
478 576 562 650 hujus
574 573 737 633 sententiae
757 575 821 650 quis
842 581 886 632 est
900 575 953 633 illo
966 574 1032 634 viro
1044 575 1110 651 dig«

233 671 321 734 niori
341 692 394 732 uos
408 680 505 732 tamen
528 682 687 740 teneamus,
698 679 729 732 ut
743 674 782 732 sit
800 673 879 734 idem
899 673 1103 733 beatissimus:

234 774 291 833 elsi
320 774 411 832 Zeno
435 773 572 840 (liniens,
591 771 738 830 ”advena
762 773 888 847 quidem,
915 776 947 830 el
969 772 1108 848 ignobilis

234 874 388 934 verborum
400 871 508 946 opifex,
522 871 684 931 insinuasse
709 889 741 929 se
755 872 786 929 in
809 873 958 946 antiquam
980 873 1105 945 philoso-

184 977 224 1040 12
234 974 333 1050 phium
347 973 473 1032 videtur.
513 973 606 1047 Huius
620 972 784 1030 sententiae
794 972 924 1046 gravitas
938 989 955 1028 a
972 970 1108 1030 Platonis

232 1073 406 1134 auctoritole
422 1077 582 1145 repetatur:
604 1071 680 1145 apud
703 1088 788 1146 quem
809 1089 898 1144 saepe
923 1071 999 1129 haec
1012 1069 1107 1128 oratio

232 1179 369 1246 usurpate
383 1177 438 1237 est,
460 1175 490 1228 ut
515 1169 590 1228 nihil
614 1151 727 1243 praeter
740 1169 879 1228 virtutem
899 1169 1046 1228 diceretur
1058 1171 1108 1227 bo·

234 1288 323 1330 uum:
345 1270 471 1328 velutin
495 1269 606 1342 Gorgia
635 1270 785 1337 Socrates,
810 1285 877 1326 cum
904 1274 983 1326 esset
1008 1287 1047 1326 ex
1070 1284 1108 1326 eo

234 1368 406 1444 quaesitum,
422 1369 603 1426 Archelaum
618 1367 777 1426 Perdiccae
792 1369 893 1434 filium,
914 1368 1037 1444 quitum
1052 1367 1108 1424 lor·

235 1467 434 1526 iunctissimus
464 1465 627 1534 haberetur,
660 1465 790 1524 ”nocue
817 1470 935 1526 beatum
966 1462 1108 1542 putaret?

125 1599 129 1604 ·
234 1565 322 1626 Haud
341 1563 414 1634 scio,
426 1566 529 1642 inquil.
549 1584 705 1642 numquam
719 1567 799 1624 enim
815 1584 882 1626 cum
896 1585 933 1625 eo
945 1569 1109 1624 collocatus

235 1682 309 1724 sum.
350 1663 479 1725 Aiutu?
500 1663 1007 1740 autualiteridscireooupoles?
1027 1666 1111 1724 nullo
1156 1725 1159 1732 ,
1266 1683 1267 1722 l

235 1766 332 1824 modo.
365 1765 415 1822 'l'u
430 1765 519 1839 igilur
529 1783 567 1824 ue
575 1767 612 1823 de
627 1766 780 1824 Persarum
794 1765 910 1839 quidem
924 1783 992 1840 rege
1003 1779 1111 1839 magne

235 1867 319 1938 potes
333 1862 441 1930 dicere,
456 1865 595 1920 beatusne
609 1861 669 1922 sil?
688 1863 708 1895 ⁴⁸
718 1881 756 1922 eu
771 1881 827 1938 ego
849 1865 967 1938 possim,
986 1881 1052 1921 cum
1067 1863 1110 1938 ig·

194 1955 198 1962 N
228 1977 350 2046 uorem·
362 1978 448 2034 quam
461 1962 499 2018 sit
510 1963 622 2029 doctus,
636 1942 721 2038 quam
737 1960 912 2022 virbonus?
953 1960 1055 2035 Quid?
1077 1967 1110 2020 tu

236 2059 269 2118 iu
283 2077 320 2118 eu
332 2059 419 2116 sitam
435 2059 526 2118 vitam
548 2063 662 2119 beatam
685 2067 768 2135 putas
784 2059 796 2120 l
837 2063 883 2120 lta
897 2079 1009 2136 prorsus
1033 2061 1110 2118 exis·

236 2155 318 2222 timo,
342 2159 443 2225 bonos,
468 2160 589 2217 beatos:
607 2160 763 2234 improbos,
787 2161 915 2220 miseros.
939 2161 1026 2218 miser
1040 2175 1112 2234 ergo

236 2253 427 2320 Archelaus?
446 2269 536 2326 certe,
550 2259 576 2316 si
596 2258 729 2332 injustus.
770 2258 790 2291 ⁴¹
803 2259 967 2318 videturne
991 2275 1113 2316 omnem

236 2355 288 2414 hic
304 2357 419 2414 beatem
436 2358 526 2416 vilem
540 2357 571 2416 in
586 2377 643 2416 una
655 2359 762 2416 virtute
777 2355 907 2433 ponere?
948 2359 1027 2430 Quid
1039 2373 1112 2416 vero

215 2531 216 2534 Ἴ
237 2454 270 2512 iu
289 2453 462 2528 epitaphio?
481 2459 637 2532 quomodo
658 2455 762 2516 idem?
802 2458 880 2516 Nam
905 2457 953 2515 cui
974 2457 1049 2524 viro,
1069 2457 1113 2514 iu·

237 2553 308 2629 quit,
322 2572 360 2611 ex
385 2573 416 2612 se
439 2556 505 2629 ipso
529 2562 598 2630 apta
618 2564 686 2616 suot
708 2557 817 2625 omnia,
836 2555 941 2633 “quae
965 2557 1003 2613 ad
1024 2559 1112 2614 beate

222 2653 401 2716 ,vivendum
428 2655 533 2723 ierunt,
558 2673 613 2713 nec
637 2673 779 2730 suspensa
805 2657 927 2714 eliorum
955 2660 1005 2713 aut
1032 2656 1111 2712 bono
1172 2635 1180 2650 ’

236 2771 319 2823 casu,
341 2761 389 2813 aut
411 2754 557 2832 contrario
582 2757 708 2830 pensiero
736 2775 774 2813 ex
799 2755 918 2814 alterius
941 2754 1067 2822 eventis,
1081 2757 1113 2810 et

267 2907 290 2942 ³⁸
304 2909 389 2955 odoeaa
399 2909 518 2969 puidamrt
534 2911 670 2970 r'grsobs'lr'so.
690 2912 721 2972 a]
752 2909 937 2969 Vulgopuidom.
969 2908 1017 2956 Me.
1036 2905 1113 2966 Gueli.

236 2968 334 3029 quidem,
343 2976 367 3013 ut
378 2983 463 3030 semper
471 2969 526 3015 milri
538 2971 607 3016 visum
618 2977 653 3016 est
663 2971 788 3030 legendum,
800 2969 867 3030 idque
882 2967 961 3029 recepi.
1029 2971 1032 2976 “
1097 3021 1100 3031 U

266 3047 290 3080 ³⁹
304 3061 377 3094 nonne
387 3047 474 3094 deatum
482 3049 579 3108 putarat]
596 3063 669 3094 noune
679 3049 701 3094 iu
711 3049 814 3094 oratioue
824 3047 914 3108 obliqua
924 3046 979 3093 milri
999 3059 1043 3092 nou
1062 3045 1117 3107 pla--

237 3111 288 3154 eet:
311 3106 432 3167 putavique
442 3107 561 3164 legendum
571 3121 630 3153 cana
640 3108 677 3153 vel
686 3121 770 3154 annon.

267 3186 289 3219 ⁴⁰
302 3199 333 3231 aa
343 3199 380 3242 rgo
389 3184 486 3245 possim]
519 3185 555 3231 Sic
565 3185 612 3232 Ms.
625 3185 667 3234 Gu.
680 3191 705 3234 ut
718 3186 804 3248 placuit
813 3185 917 3244 Brullejo
935 3183 1050 3246 ediditque
1066 3183 1115 3232 De*

238 3245 313 3292 visius.
345 3243 524 3301 Vulgoposaum.

268 3323 288 3356 ⁴¹
305 3321 429 3368 Videturnc
438 3337 530 3378 omnem,
541 3322 595 3382 eto]
616 3323 671 3368 haec
686 3323 757 3374 forma
768 3322 920 3384 interrogandi
936 3322 1027 3393 proprie
1037 3327 1116 3381 negat,

237 3381 314 3441 itaque
323 3381 384 3426 locus
393 3381 448 3426 oIIm
455 3387 567 3441 suspectus
578 3381 631 3426 mihi
642 3383 690 3428 tuit.
700 3385 738 3430 sed
748 3383 813 3444 plura
822 3383 924 3444 exempla
931 3397 1002 3444 reperi
1013 3387 1037 3428 ut
1047 3395 1116 3443 supra

236 3439 283 3496 jum
295 3439 372 3484 notavi
384 3458 388 3485 :
400 3438 596 3504 accipiendumque
605 3455 650 3488 uon
660 3457 688 3488 nc
697 3443 795 3489 uidetur.

240 3517 352 3634 aeriam
361 3517 392 3562 ad
401 3519 421 3566 b.
431 3518 647 3584 dverrdomserunl]
665 3523 750 3584 valent,
761 3524 860 3585 proruat
891 3520 979 3570 Graece
989 3534 1026 3583 ep.
1038 3509 1114 3574 llari

238 3593 239 3596 ¹
316 3594 389 3644 egeres
