3354 4234
669 304 710 364 3⁸
911 295 1303 352 noscnaouaaarrouuu

671 463 791 520 quorum
805 449 913 521 quanta
932 463 1015 506 mana
1029 447 1077 514 ait,
1091 447 1211 506 difficile
1231 453 1276 506 ert
1289 445 1459 506 existimare
1473 467 1480 506 ι
1501 447 1545 508 ita

610 535 761 602 'lbmuua
791 545 995 604 meminerunt.
1037 545 1181 618 Quonam
1209 545 1296 620 igitur
1322 546 1395 604 haec
1427 551 1542 620 rpectat

668 643 782 704 o'ratio?
802 663 873 720 qnae
887 645 926 704 ait
940 645 991 702 illa
1007 645 1061 710 vir,
1075 649 1106 702 et
1120 644 1208 712 unda,
1219 645 1442 720 intelligentium
1461 651 1540 719 puto.

667 762 727 806 non
742 749 786 802 est
806 751 886 802 certe
906 760 963 802 nec
977 743 1082 812 cordia,
1096 760 1153 802 nec
1173 743 1333 818 sanguinis,
1347 759 1403 802 nee
1417 743 1540 812 cerebri,

667 863 723 904 nec
749 851 916 904 atomorum.
941 843 1098 901 animarit
1125 843 1249 910 animur,
1271 841 1398 918 ignisne,
1419 843 1538 902 nennio:

665 963 722 1004 nec
737 963 783 1002 me
798 945 895 1019 podet,
909 947 939 1002 nt
963 943 1043 1011 istor,
1057 941 1142 1002 lateri
1164 941 1288 1010 nescire,
1300 943 1377 1017 quod
1399 941 1540 1000 acaciam.

664 1046 746 1114 illud,
760 1045 785 1102 oi
800 1046 858 1102 ulla
874 1043 932 1102 alia
946 1045 984 1102 de
1007 1062 1036 1104 re
1048 1044 1170 1102 obscura
1184 1043 1324 1102 affirmare
1337 1059 1460 1116 porram,
1475 1043 1540 1101 rive

664 1144 775 1210 anima,
797 1144 861 1202 aive
883 1144 960 1218 ignia
974 1143 1014 1200 ait
1027 1141 1151 1209 animur,
1170 1159 1237 1200 eum
1245 1140 1374 1214 jurarem
1388 1159 1452 1200 aare
1465 1141 1542 1200 ‹livi-

666 1260 748 1302 num.
791 1243 868 1314 Quin
896 1241 986 1310 enim,
999 1243 1122 1298 obsecro
1136 1247 1174 1309 te,
1201 1247 1315 1300 terrane
1330 1241 1395 1310 tihi,
1409 1246 1458 1300 aut
1482 1243 1540 1300 hoc

667 1343 821 1407 nebuloso,
835 1347 865 1398 et
888 1339 1051 1414 caliginoso
1065 1342 1149 1398 coelo
1161 1346 1211 1398 ant
1231 1344 1304 1406 rata.
1326 1347 1377 1398 aut
1401 1345 1542 1402 concreta

667 1441 786 1500 videtur
808 1445 888 1500 tanta
909 1439 955 1496 via
983 1435 1163 1498 memoriani
1190 1439 1225 1507 ai,
1246 1439 1314 1514 quid
1338 1439 1377 1496 ait
1400 1439 1467 1508 hoc,
1481 1456 1542 1498 non

666 1540 753 1598 videa
768 1559 776 1596 ε
796 1545 835 1608 al,
850 1541 935 1614 quale
946 1538 993 1607 ait,
1009 1539 1101 1596 videa.
1112 1539 1137 1596 ri
1152 1557 1190 1597 aa
1204 1539 1380 1614 inquinem:
1401 1545 1442 1608 at,
1453 1557 1542 1614 quan·

664 1641 786 1708 tumuit,
801 1639 929 1714 protecto
951 1639 1044 1698 videa.
1087 1638 1166 1712 Quid
1180 1635 1292 1712 igitur?
1312 1645 1406 1697 utrum
1426 1637 1542 1712 capaci·

664 1745 757 1800 utem
771 1740 897 1812 aliquam
912 1739 943 1796 in
966 1737 1066 1796 animo
1080 1743 1212 1810 putamur
1225 1755 1301 1804 erae,
1313 1755 1380 1812 quo,
1393 1743 1541 1812 tamquam

665 1838 696 1896 in
721 1836 837 1909 aliquod
863 1853 926 1902 voa,
956 1851 1089 1909 eaquae
1115 1837 1308 1904 meminimus,
1327 1831 1540 1896 infundantur?

665 1936 821 1996 absurdum
840 1933 869 1990 iu
884 1933 1008 2006 quidem.
1022 1933 1072 2009 qui
1085 1932 1165 1992 enim
1180 1935 1293 2005 fundus,
1314 1941 1364 1996 aut
1377 1953 1451 2010 quaa
1473 1933 1540 1994 talia

667 2034 759 2092 animi
779 2033 869 2108 figura
882 2033 1009 2108 intelligi
1034 2031 1153 2108 potest?
1172 2043 1223 2092 aut
1236 2051 1310 2109 qnae
1324 2039 1408 2093 tanta
1420 2035 1542 2093 omnino

667 2131 816 2206 capacitas
827 2130 839 2191 l
852 2151 891 2190 an
904 2131 1030 2206 imprimi
1041 2133 1122 2208 quasi
1132 2149 1241 2200 ceram,
1252 2133 1381 2192 animum
1396 2139 1541 2208 putamur,

666 2236 697 2288 et
718 2231 886 2288 memoriam
900 2248 964 2288 erae
986 2231 1164 2306 signatarum
1186 2250 1280 2290 rerum
1293 2232 1326 2290 in
1340 2239 1439 2292 menta
1454 2230 1543 2290 verti·

668 2327 744 2406 gia?
764 2347 838 2406 quae
862 2334 981 2403 poaauot
1007 2331 1169 2399 verborum,
1196 2349 1269 2406 quae
1294 2348 1387 2390 rerum
1413 2331 1542 2406 ipsarum

667 2448 733 2488 eane
762 2425 908 2504 vestigia?
929 2445 1002 2503 qnae
1015 2447 1100 2503 porro
1124 2435 1184 2490 tarn
1207 2429 1349 2488 immensa
1363 2431 1542 2506 magnitudo.

666 2547 741 2605 quae
760 2529 812 2588 illa
826 2535 886 2586 tam
900 2530 992 2586 multa
1011 2528 1100 2602 poaait
1114 2525 1273 2602 effingere?
1294 2529 1373 2602 Quid
1387 2527 1400 2588 ‘l
1419 2531 1471 2588 illa
1485 2529 1542 2598 via,

666 2647 740 2706 quae
754 2629 938 2696 laudantest,
952 2644 1025 2702 quae
1039 2626 1200 2702 investigat
1214 2630 1338 2696 occulta,
1352 2645 1426 2703 quae
1437 2627 1542 2688 inven-

666 2729 708 2788 tio
722 2735 809 2804 atque
831 2727 1013 2802 excogitatio
1026 2723 1156 2786 dicitur?
1176 2745 1213 2784 ex
1234 2727 1332 2786 hacne
1347 2728 1400 2786 tibi
1415 2734 1540 2798 terrena,

665 2828 836 2906 mortalique
852 2833 954 2886 natura
968 2830 998 2884 et
1023 2827 1146 2895 caduca,
1166 2823 1326 2886 'concreta
1340 2843 1375 2886 ea
1401 2827 1540 2888 videtur?

664 2927 749 2988 “Aut
771 2929 821 3002 qui
835 2929 953 3000 primus,
967 2927 1041 3000 quod
1055 2943 1185 2983 summae
1208 2926 1371 2998 sapientiae
1392 2929 1541 3004 Pythago·

665 3043 715 3084 rae
730 3027 826 3082 visum
840 3031 893 3091 est,
906 3023 1040 3080 omuibus
1060 3023 1145 3084 rebus
1165 3022 1302 3096 impoauit
1324 3025 1468 3086 nomina?
1488 3031 1541 3086 aut

668 3124 717 3200 qui
737 3123 892 3195 dissipatos
912 3121 1046 3178 homines
1057 3121 1257 3194 congregavit,
1272 3129 1301 3182 et
1316 3127 1541 3185 annectentem

668 3224 750 3282 vita·
764 3216 967 3279 convocavit?
987 3223 1036 3276 aut
1060 3219 1110 3294 qui
1133 3237 1218 3278 aanor
1237 3223 1330 3291 vocis,
1357 3225 1406 3300 qui
1431 3225 1542 3284 infiniti

669 3322 854 3387 videbantur,
874 3317 974 3394 pancio
996 3318 1156 3378 litterarum
1178 3320 1256 3380 notia
1279 3321 1471 3388 terminavit?
1491 3329 1542 3382 aut

698 3477 711 3510 ⁵
726 3480 824 3523 mnodo
832 3474 867 3537 en]
883 3489 912 3521 ac.
922 3471 956 3522 vir
966 3473 1101 3522 inveniendi.

698 3556 710 3590 ³
725 3556 782 3618 Ant]
797 3555 839 3604 int.
850 3553 869 3603 ia
880 3553 921 3604 tibi
930 3557 1045 3603 annuatur
1056 3554 1151 3604 videtur.
