3354 4234
587 841 626 896 Μ.
650 845 762 894 whhll
783 841 956 892 CICEROMS

349 1041 781 1125 TUSCULANARUM
808 1037 1192 1135 QUAESTIONUM

584 1269 649 1328 An
679 1263 961 1326 M.BRUTUM

626 1463 726 1511 LlBth
741 1461 919 1510 SECUNDUS.

576 1659 618 1700 uu
640 1657 828 1700 uouuusnuo
848 1631 1006 1699 nonosuss'

641 1918 907 1964 ARGUMBN'I'UM·

335 2046 389 2094 Post
403 2045 582 2094 cohortationem
597 2045 626 2092 sd
637 2044 803 2104 Philosophiam
812 2043 932 2104 diligenter
940 2042 1065 2101 colendam,
1076 2043 1208 2107 Latinisque

363 2125 465 2189 inprimis
474 2125 630 2176 illustrandam
648 2123 738 2181 litteris,
749 2139 769 2171 o.
783 2127 826 2172 1-3.
842 2135 916 2170 sermo
925 2124 948 2170 in
958 2124 1086 2170 Tusculano
1094 2124 1121 2171 ds
1134 2125 1210 2172 doun

364 2205 480 2252 institutus
490 2205 615 2268 exponitur.
649 2205 670 2252 la
688 2203 800 2252 iudusiiur
809 2203 838 2250 ab
849 2205 942 2251 exordio
950 2203 980 2250 de
990 2204 1149 2266 philosophiae
1160 2205 1207 2252 leu-
1238 2261 1248 2270 ,

362 2285 436 2342 siihus,
445 2301 464 2332 o.
477 2290 498 2333 4.
509 2291 531 2334 u.
542 2287 566 2332 et
583 2285 670 2332 duobus
685 2282 785 2346 inprimis
804 2291 917 2346 tamquam
935 2285 1044 2345 capitibus
1053 2272 1204 2332 'munerun

363 2379 457 2427 quorum
467 2364 563 2426 primum
582 2369 624 2416 esi.
634 2364 691 2411 silus
708 2377 821 2411 summum
829 2367 914 2412 erolum
925 2363 1005 2420 dolos,-
1019 2365 1123 2422 alterum,
1134 2364 1152 2411 si
1162 2379 1207 2412 uon

363 2457 480 2499 nummum,
490 2457 567 2490 assoon
576 2445 662 2490 nalum
676 2443 751 2488 colei
782 2443 811 2489 Ιι
828 2443 923 2504 primunr
939 2443 1028 2504 quidem
1047 2443 1147 2491 breviter
1164 2445 1207 2492 hoe

364 2539 409 2572 uuo
418 2530 549 2582 argumento
559 2523 676 2577 refellitur,
687 2523 746 2583 quusi
756 2523 853 2570 deslsous
862 2529 886 2570 et
895 2524 1013 2584 turpitudo
1027 2525 1097 2581 maium
1106 2525 1208 2586 prolenis

363 2603 393 2650 sii
402 2602 481 2648 dolore
491 2603 581 2648 malum.
594 2616 613 2648 o
624 2606 646 2650 5.
680 2603 704 2648 Ιιι
713 2603 786 2648 altero
800 2608 876 2649 nutem
885 2603 971 2662 reliqua
979 2603 1115 2650 ouummilur
1123 2603 1206 2651 oralie.

365 2683 397 2731 hs
404 2697 452 2729 esse
459 2681 548 2744 quidem
559 2695 661 2739 maguum
676 2681 712 2726 hic
721 2679 841 2728 mullorum
852 2679 1031 2728 imbecillitatem
1041 2683 1115 2728 duret.
1145 2681 1208 2728 Aris·

364 2763 453 2825 lippum
473 2761 532 2808 euim
548 2759 685 2806 socraticum
705 2773 749 2804 nou
759 2758 872 2805 dubitasse
881 2759 982 2808 dolorem
1000 2773 1108 2806 summum
1123 2761 1206 2806 malurn

364 2841 447 2896 disere,
457 2854 522 2903 quem
533 2837 642 2900 ulpicum·
659 2841 746 2883 seculus
756 2835 800 2882 sil:
817 2835 979 2894 Hieronymum
997 2843 1073 2884 sutem
1090 2837 1205 2884 Rhodion

365 2934 473 2968 summum
484 2919 566 2966 honum
578 2915 674 2978 posuisse
691 2915 713 2962 in
729 2915 845 2961 vatuiluls
859 2931 872 2961 a
888 2915 972 2962 dolore.
1003 2916 1105 2967 Ceteros.
1116 2923 1208 2978 praeter

365 2999 488 3054 Zenonem,
502 2997 627 3044 Arislsnem
644 3001 667 3042 et
677 2995 822 3054 Pyrrhonem,
833 2995 915 3042 inuium
931 2999 1028 3057 putasse.
1059 2995 1144 3045 Polites
1153 3009 1207 3058 quo·

365 3093 409 3142 que
419 3077 448 3124 ub
457 3077 500 3124 has
508 3076 613 3137 opinione
622 3089 666 3123 nou
676 3075 760 3133 alsense,
776 3075 835 3137 quod
845 3075 950 3122 inducant
961 3089 1056 3123 summos
1074 3077 1175 3124 homiues
1183 3076 1207 3125 iu

363 3159 434 3206 acutis
444 3155 559 3204 doloribus
569 3171 612 3204 uon
621 3156 719 3203 viriliter
737 3156 893 3203 lamentantes.
904 3171 923 3202 e.
942 3157 1002 3205 6-1ῠ.
1033 3157 1085 3204 lan
1100 3157 1206 3216 rationes,

364 3237 477 3300 quibusin
484 3235 611 3296 frangendis
622 3234 655 3282 his
664 3234 806 3298 opinionibus
816 3243 908 3283 urantur
918 3236 993 3292 Sloisi,
1003 3237 1140 3284 contortulus
1150 3251 1206 3295 esse,

365 3317 470 3377 sleoipere
487 3315 558 3376 magis
569 3315 699 3372 solentium,
717 3319 757 3362 sut
772 3315 905 3378 optantium,
916 3329 981 3378 quarn
999 3315 1133 3372 docentium,
1144 3333 1166 3364 s.
1184 3331 1205 3366 e.

364 3395 422 3444 nihil
431 3409 480 3443 esne
494 3395 589 3451 mulum,
599 3393 659 3457 quod
674 3409 717 3442 nou
728 3395 757 3441 sit
766 3401 830 3457 lus-pe
840 3399 907 3457 sique
922 3395 1027 3442 vitiosum
1038 3416 1043 3442 ι
1060 3411 1132 3458 neque
1145 3397 1207 3446 enim

363 3473 388 3522 isi
397 3473 500 3536 ignorare
509 3461 641 3538 quemquam
652 3491 658 3533 ς
673 3475 719 3528 sesi.
730 3475 852 3532 doleamus,
863 3489 905 3521 nes
914 3489 949 3530 ue,
960 3475 1014 3522 nihii
1034 3478 1147 3535 inieresse,
1162 3479 1206 3525 hoo

363 3554 488 3601 docendum
505 3567 560 3601 esse.
582 3569 600 3600 e.
615 3555 649 3601 ll.
672 3555 707 3601 12.
738 3551 825 3601 Melius
839 3559 863 3600 el
881 3555 955 3602 verius
974 3557 1016 3604 hus
1034 3571 1098 3606 esse:
1114 3557 1204 3617 Omnis,

360 3647 422 3696 quse
432 3637 513 3681 natura
531 3639 669 3695 aspernetur,
687 3633 709 3678 in
729 3631 793 3680 malis
812 3647 867 3686 esse,
883 3647 941 3694 quse
958 3636 1075 3695 adsciscat,
1094 3637 1204 3686 inbonis.

365 3713 419 3766 Quo
427 3712 509 3775 posito,
519 3719 595 3764 umen
603 3713 721 3762 somnum
731 3716 756 3759 et
773 3718 858 3761 metum
868 3713 901 3761 ils
910 3715 1029 3776 excellere,
1039 3720 1065 3766 ui
1074 3717 1150 3765 omnia
1158 3727 1207 3764 sor·

370 3811 444 3858 sou.
459 3812 512 3854 xv.
772 3797 788 3852 ⁷
