2558 4198
205 253 278 314 294
461 245 507 296 ult
526 247 666 298 urruns
685 245 830 302 nmnlllt

193 400 387 456 ¹revocentur
399 399 438 456 stl
461 398 567 473 primur
587 398 734 468 notiones,
747 399 822 458 rstio
846 399 903 458 hoc
925 397 1005 460 lton
1018 401 1097 478 ipss.

212 497 352 556 declarat.
388 499 471 556 Num
485 516 552 558 cunr
576 498 854 572 proeslunlisrirnsm
877 507 1020 570 naturum,
1034 503 1098 562 vel.

213 597 281 672 quin
296 598 381 654 besto
394 601 448 664 est,
459 599 508 656 vel
521 599 589 673 quin
602 599 789 672 sempiterno,
802 599 964 658 convenire
986 600 1089 660 rides«

212 701 260 754 tur
272 693 397 754 eundem
410 714 475 753 esse
489 697 700 770 pulcerrimum,
713 715 788 772 quse
807 697 983 770 compositio
996 716 1086 758 mem·

212 797 337 863 brorum,
349 812 423 872 quse
430 796 622 856 conformatio
634 796 884 866 lineamentorum,
897 815 971 872 quun
985 799 1086 873 figure,

213 913 287 972 quae
307 895 430 969 species,
444 897 571 953 humens
584 900 679 969 poteri
694 914 758 954 esse
773 894 925 970 pulcrior?
947 914 1001 956 vos
1025 895 1085 972 quia

212 995 289 1058 dnm,
317 995 423 1066 Lucili,
447 995 548 1052 soletis
578 992 660 1072 (num
685 997 775 1054 Cotto
802 1011 884 1052 meus
908 997 995 1054 morlo
1018 997 1087 1065 hoc,

212 1095 300 1152 murlo
327 1092 413 1172 illud)
442 1113 509 1154 cum
533 1095 688 1152 artificium
712 1094 859 1168 effingitis,
885 1095 1084 1170 truncumque

212 1194 355 1260 divinum,
368 1211 454 1268 quem
468 1195 527 1253 sint
540 1195 639 1252 omnis
653 1193 684 1252 in
705 1193 833 1252 hominis
847 1193 937 1268 ligure
947 1211 1010 1260 ‚non
1024 1209 1085 1252 nto-

212 1293 252 1350 dn
264 1294 301 1350 cd
315 1310 407 1360 usum,
420 1311 521 1351 verum
536 1293 625 1351 etism
639 1295 676 1350 nd
689 1297 873 1350 venustatem
885 1297 963 1366 opta,
976 1292 1085 1351 descri-

213 1392 290 1450 bere.
333 1393 466 1465 Quodsi
490 1392 620 1450 omnium
646 1391 841 1450 animantium
855 1391 973 1450 formum
987 1388 1085 1450 vincit

199 1492 340 1552 *hominis
364 1493 463 1568 figura,
486 1493 557 1550 deus
581 1496 678 1552 nutem
698 1491 832 1550 snimnns
854 1496 916 1550 est:
936 1507 973 1548 en
993 1489 1087 1566 ligura

213 1593 344 1668 prolecto
370 1598 424 1660 est,
448 1609 521 1667 quse
549 1590 723 1664 pulcerrimo
750 1591 789 1650 sil
812 1590 964 1650 omnium:
984 1590 1085 1666 quoni·

214 1709 317 1768 nmque
341 1694 412 1751 deos
433 1691 616 1750 beatissimos
629 1709 694 1748 esse
717 1694 842 1759 constat,
864 1693 967 1750 beatus
986 1695 1085 1748 nutem

215 1809 279 1848 esre
289 1791 353 1850 sine
368 1793 475 1850 virtulo
494 1809 582 1850 uerno
596 1795 700 1864 potest,
715 1807 772 1848 nec
785 1790 875 1848 virtus
888 1790 953 1848 eine
972 1788 1084 1848 ratione

125 1901 127 1904 ·
213 1894 357 1958 constare,
381 1909 437 1948 nec
457 1890 531 1948 ratio
552 1907 672 1965 usquam
686 1889 791 1960 inesse,
820 1889 877 1947 nisi
897 1889 929 1947 in
942 1951 945 1958 Δ
957 1889 1083 1948 homini·

213 1989 321 2062 ligura:
341 1989 466 2048 hominis
489 2008 555 2046 esse
580 1990 681 2062 specie
708 1991 779 2047 eleos
805 1989 1004 2048 confitendum
1024 1992 1079 2046 est.

214 2088 281 2150 Nec
306 2093 403 2146 lumen
418 2105 454 2144 en
466 2088 581 2159 species
594 2105 699 2162 corpus
712 2093 766 2158 est,
786 2089 838 2146 sed
852 2089 941 2163 'quasi
962 2105 1083 2161 corpus:

213 2205 270 2246 nec
294 2188 381 2244 habet
395 2187 576 2260 sanguinem,
598 2190 650 2267 sed
671 2186 753 2262 qussi
776 2187 957 2262 sanguinem.
1000 2188 1085 2246 Haec

214 2291 430 2362 quemquamst
444 2286 642 2345 intentarunt
657 2286 782 2355 sculius,
796 2292 827 2346 el
847 2287 928 2346 dicta
948 2287 1084 2346 subtilius

213 2385 251 2444 sb
265 2385 401 2459 Epicuro,
412 2405 497 2462 quam
510 2391 542 2444 ut
566 2386 662 2462 quivis
687 2403 723 2444 cs
738 2385 829 2460 possit
842 2402 1020 2462 agnoscere:
1042 2389 1084 2444 la·

213 2502 283 2544 meu
297 2485 384 2545 fretus
398 2487 594 2562 intelligentis
607 2492 704 2544 vestra
718 2485 830 2544 dissero
856 2485 982 2553 brevius,
995 2503 1084 2562 quam

214 2603 301 2644 osusn
325 2587 478 2647 desiderat.
519 2585 661 2659 Epicurus
688 2591 795 2652 cutem,
816 2585 929 2659 quires
949 2587 1083 2644 occultos

215 2690 245 2743 rt
267 2685 381 2760 penitus
410 2685 523 2744 abditus
539 2703 607 2744 non
629 2687 717 2744 modo
733 2683 880 2745 ⁷⁷videtui
904 2686 1012 2757 enimc,
1032 2687 1086 2744 setl

214 2785 303 2844 etiem
317 2785 360 2843 sic
388 2791 502 2853 tractat,
526 2791 557 2844 ut
581 2789 778 2854 menudocet
802 2803 867 2844 eam
888 2804 952 2844 esse
978 2787 1040 2844 vim
1054 2791 1086 2844 et

213 2890 345 2944 nclurcm
370 2887 498 2954 deorum,
512 2891 542 2944 ul
569 2886 692 2960 primunr
713 2904 773 2946 nun
794 2903 899 2960 sensu„
912 2885 963 2944 sed
984 2889 1085 2944 monte

214 2990 369 3064 cernaturr'
391 3003 447 3042 nec
466 2985 613 3044 soliditate
637 2987 770 3060 quodam,
792 3002 849 3042 nec
873 2985 1085 3056 adnumerum,

213 3088 245 3142 ul
266 3101 312 3152 en,
326 3086 463 3158 quasillo
478 3091 594 3158 propter
613 3083 778 3143 firmitatem
799 3107 932 3166 rrrgrpua
946 3087 1085 3160 appellnt,

214 3183 266 3240 red
277 3183 462 3258 imaginibus,
478 3182 678 3253 similitudine,
688 3190 719 3243 el
737 3184 758 3220 ⁷⁰
773 3189 945 3245 transitione
966 3201 1085 3260 percep

244 3337 267 3370 ’Π
287 3337 372 3384 uiderat
381 3338 473 3398 animo]
505 3337 542 3385 Sin
552 3338 599 3387 Mt.
612 3339 685 3387 Guell
694 3355 738 3387 non
750 3341 840 3396 uiderit,
850 3346 875 3386 ut
894 3341 968 3400 vulgg.
987 3338 1019 3386 sic
1039 3340 1061 3383 el
1072 3353 1085 3382 e

213 3393 404 3501 glsffiffiifius:
424 3398 528 3460 idemque
537 3404 587 3460 post
598 3403 684 3454 tractat,
700 3401 795 3462 denique
805 3402 869 3452 dccet.
885 3403 948 3449 irone
958 3399 1085 3456 conjectura

236 3488 241 3500 .
338 3470 361 3502 11.

152 3573 166 3588 s
245 3531 267 3564 Ἰ*
282 3532 420 3595 irruptione]
437 3551 456 3584 r.
472 3535 534 3585 Clau.
