2558 4198
431 269 745 324 ¹arrrrursucuuous.
973 275 1036 342 abl

164 413 321 484 mtervallo
347 421 463 498 longirn
497 423 633 492 discedit,
669 427 730 481 tam
758 421 948 492 antecedens,
974 427 1038 482 turn

162 528 349 600 subsequens.
392 523 479 581 Hanc
493 521 581 597 'gitur
588 522 620 580 in
632 523 725 580 stellis
738 523 945 591 comtanlianr,
958 524 1035 583 hanc
1046 518 1088 582 21

161 631 274 684 tantam
293 631 354 681 tam
368 621 458 680 variis
481 622 613 698 cursibus
627 605 658 681 in
671 622 756 682 omni
777 623 953 682 aeternitate
967 639 1037 682 eon·
1054 619 1059 626 “

161 723 346 782 venientium
367 727 538 797 temporum,
558 741 619 782 non
644 740 761 798 possum
782 711 949 798 intelligere
970 722 1036 781 sins

161 828 271 891 urente,
297 821 420 890 ratione,
447 823 581 882 consilio.
637 824 721 897 Quae
744 840 812 882 cum
834 823 865 881 in
892 822 1035 881 sideribus

159 921 258 980 inesse
281 921 441 991 videamus,
465 941 525 982 non
550 940 701 999 possumus
714 940 749 981 ea
770 923 833 998 ipsa
848 939 908 980 non
922 920 954 979 in
967 921 1035 980 deo-

159 1037 223 1078 rnm
237 1039 356 1080 numero
379 1040 530 1098 reponere.
573 1025 640 1082 Nec
656 1039 728 1080 vero
748 1024 853 1079 stellae
873 1037 938 1088 eae,
958 1036 1034 1096 quae

159 1121 320 1178 inerrantes
341 1129 492 1194 vocantur,
506 1141 565 1182 non
580 1122 748 1197 significant
763 1121 888 1178 eandem
902 1125 1033 1180 mentem

159 1225 246 1296 alque
270 1223 470 1295 prudentiam
505 1241 624 1299 quarum
651 1227 698 1280 eat
721 1222 900 1299 quotidiana,
922 1238 1032 1280 conve·

155 1320 251 1406 niens,
264 1327 459 1396 constansque
472 1323 646 1380 conversio:
668 1339 724 1380 nec
750 1324 861 1382 hahent
877 1323 1031 1380 aetherem

157 1437 267 1490 cursus,
288 1437 382 1496 neque
402 1423 487 1478 caelo
506 1420 704 1492 inhaerentes,
727 1429 759 1480 ut
780 1422 908 1496 plerique
928 1421 1032 1478 dicunt

156 1519 298 1593 physicae
319 1518 440 1577 rationis
463 1518 567 1592 ignari.
592 1525 718 1576 nonest
743 1521 823 1578 enim
843 1519 970 1577 aetheris
994 1533 1031 1575 ea
1082 1517 1086 1530 '

48 1687 52 1692 ἱ
73 1672 89 1687 ,
156 1625 269 1684 natura,
283 1622 316 1674 ut
331 1616 362 1673 vi
376 1633 428 1673 aua
447 1617 547 1673 stellas
572 1618 727 1689 complexa
740 1623 939 1692 contorqueat.
961 1633 1031 1676 nam

157 1716 252 1775 tenuis
286 1733 322 1773 aa
356 1718 519 1788 perlucens,
544 1719 574 1771 et
605 1716 750 1789 aequabili
784 1718 882 1773 calore
908 1715 1030 1774 suffusus

155 1816 266 1883 aether,
280 1815 418 1872 nonsatis
432 1819 517 1886 aptus
528 1813 565 1870 ad
579 1816 681 1870 stellas
695 1814 888 1872 continendae
903 1813 1028 1872 uidetur.

155 1915 275 1974 Habent
290 1915 378 1990 igitur
401 1931 482 1972 auam
504 1913 657 1986 sphaeram
671 1916 775 1972 stellae
797 1914 967 1981 inerrantes,
989 1915 1028 1972 ab

153 2018 290 2074 aetherea
305 2014 513 2090 conjunctione
525 2018 679 2081 secretana,
704 2019 734 2071 et
748 2013 878 2073 liberam.
918 2013 1027 2074 Earum

152 2120 249 2174 antem
274 2133 426 2190 peremnea
439 2131 550 2182 eunus,
573 2119 660 2189 atque
685 2113 826 2188 perpetui,
844 2131 912 2172 cum
936 2112 1027 2171 admi«

152 2215 238 2274 rabili
252 2215 473 2290 incredibilique
487 2215 663 2282 constantia,
676 2215 828 2272 declarant
851 2213 882 2270 in
903 2213 949 2270 his
964 2211 1026 2272 vim

11 2303 14 2398 'q
86 2363 90 2367 .
153 2319 183 2372 et
197 2317 326 2370 mentem
340 2329 403 2369 esse
423 2313 576 2370 divinam=
597 2318 639 2379 ul,
653 2313 727 2369 haee
742 2313 804 2385 ipsa
823 2313 945 2386 quinon
960 2329 1025 2370 sen·

153 2413 209 2468 tint
231 2411 349 2466 deorum
369 2408 432 2464 vlm
454 2409 571 2471 habere,
596 2407 621 2464 le
649 2407 722 2464 nihil
746 2411 867 2468 omnino
888 2429 1025 2472 masuras

153 2523 218 2568 essa
243 2506 385 2568 videatur.
429 2506 519 2563 Nulla
546 2505 635 2580 igilur
662 2504 800 2564 incaelo
822 2523 878 2564 nec
902 2510 1025 2580 fortuna,

152 2625 210 2668 aec
244 2605 401 2674 temeritas,
427 2603 518 2665 ‘nec
539 2604 655 2672 erratio,
685 2621 742 2663 nec
776 2605 903 2666 uarietas
930 2607 1024 2666 inest:

151 2712 311 2782 contraque
339 2705 435 2763 omnis
463 2705 543 2772 ordo,
581 2704 700 2774 veritaq,
736 2705 820 2774 ratio,
847 2705 1025 2764 corrnatis.

147 2823 278 2885 quaeque
293 2805 338 2864 his
353 2810 473 2874 vacant,
483 2803 628 2862 ementita
642 2809 672 2862 et
687 2805 770 2872 lalsn,
786 2805 929 2879 plenaque
944 2821 1020 2862 erro·

149 2908 189 2964 ris
210 2912 281 2964 eunt
300 2905 410 2963 circum
434 2911 534 2971 terras,
554 2903 630 2962 intra
650 2906 767 2973 lunama
796 2920 869 2980 quae
893 2903 1025 2962 omniun

149 3005 253 3064 ultima
287 3011 340 3072 est,
367 3003 399 3062 in
424 3005 563 3080 terrisque
590 3001 611 3036 ⁷⁸
627 3009 787 3062 versantur.
843 3002 1025 3067 Coelestium

148 3121 220 3182 argo
239 3103 439 3162 admirabilem
453 3103 595 3171 ordinem,
616 3101 876 3178 incredibilemque
888 3108 1024 3180 ennstan·

178 3259 201 3334 {⁹
216 3258 346 3309 marrantia
364 3272 404 3305 nse
419 3257 516 3306 norielm
532 3257 600 3306 tarro
616 3257 678 3307 edidi
688 3258 783 3305 venetur
801 3273 843 3322 pro
852 3259 912 3320 vulg.
929 3259 1023 3322 maltos,

149 3323 174 3366 ul
181 3331 250 3377 paroc
261 3317 308 3365 Ms.
318 3292 405 3366 illiensi
415 3319 512 3364 correxit
522 3291 635 3366 Davisius.

179 3397 202 3431 so
217 3397 355 3469 meme]
395 3395 432 3444 Sic
449 3402 484 3446 est
508 3397 634 3468 legendum,
651 3411 703 3456 noo,
723 3397 835 3468 ntuvulqo
852 3401 894 3455 est,
911 3405 1020 3450 warner.

150 3455 314 3504 reterturenrm
330 3457 360 3504 ad
377 3471 474 3518 praeque
492 3457 527 3502 lars
545 3459 632 3514 uernat,
651 3461 692 3504 ele.
705 3462 730 3504 et
745 3472 776 3503 src
788 3457 830 3504 lurt
847 3459 870 3506 in
881 3459 928 3508 Mc.
948 3475 997 3508 mar
1013 3495 1019 3508 .

151 3513 232 3562 hamb.
252 3532 273 3563 a.
295 3532 324 3563 m.
336 3531 370 3589 pr.
383 3515 603 3576 moxprouelertrnr
623 3517 832 3582 malnimlna'am,
850 3523 876 3570 ui
893 3524 917 3572 ei
935 3519 959 3586 pl
1010 3525 1022 3570 i

153 3572 254 3628 narbo.
264 3576 450 3628 mamardo
458 3576 556 3626 emunit
566 3581 590 3626 et
599 3575 629 3627 de
636 3578 725 3632 deuert.
734 3592 755 3628 o.
765 3581 802 3634 ll.
