2558 4198
441 317 542 374 ursan
556 317 738 378 annuunus:
892 383 896 390 ,
969 325 1034 390 ³01

160 485 207 536 rea
218 473 366 551 audientur
390 487 456 532 aare
469 478 591 532 naturae
604 472 754 542 sentienti,
771 469 835 531 “ab
849 489 941 550 esque
962 469 1035 552 [om-

160 574 224 655 nia]
245 574 419 650 pulcerrime
436 572 509 648 gari.
521 589 579 648 qno
599 573 767 641 constituto,
781 575 910 650 sequitur
922 577 960 632 ab
973 573 1035 634 aui·-

160 677 308 738 mantibus
338 673 491 748 principiis
509 671 591 732 meus
617 689 683 732 erre
706 681 869 750 genarum
913 675 1034 734 Tertius

158 777 242 836 loeus
265 781 320 842 est,
333 772 382 850 qni
402 773 518 832 dnnitur
540 791 580 832 ex
598 773 791 833 admiratione
815 777 1034 834 rernmnoatea·

162 874 342 950 titmatque
354 875 540 940 murtrum.
712 937 716 941 ,

85 985 87 988 ’
204 974 333 1034 Primum
346 976 435 1052 igitur
447 981 498 1034 aot
512 975 679 1050 negandum
691 977 738 1032 ιιι
751 975 822 1032 deos
835 991 910 1041 esse,
928 970 1036 1049 ”qnod

163 1077 195 1134 et
209 1075 395 1134 Democritus
408 1077 574 1144 simutaara,
587 1080 619 1134 et
637 1075 781 1149 Epicurus
797 1073 941 1148 imagines
954 1072 1037 1133 indu·

164 1191 246 1244 neus,
260 1176 384 1250 qondam
398 1181 486 1249 paeto
499 1181 610 1250 negat:
631 1179 690 1242 ant,
713 1173 762 1249 qni
785 1175 858 1230 deos
881 1191 946 1230 esse
967 1189 1036 1232 oon·

162 1277 281 1344 oednnt,
301 1273 338 1332 iis
363 1273 521 1342 iriensium,
548 1279 595 1332 eat
616 1291 667 1332 eos
693 1273 802 1348 aliquid
830 1289 926 1349 agere,
948 1274 1036 1349 idque

162 1377 353 1450 praeclarum.
382 1373 456 1431 nihii
478 1379 523 1430 est
543 1378 641 1431 antem
666 1373 844 1447 pmeotmina
863 1373 964 1430 muudi
988 1371 1038 1430 sd·
1079 1407 1085 1420 ι

164 1475 388 1532 ministratione.
410 1474 530 1530 deorum
550 1473 639 1547 igitur
664 1472 789 1530 oonsilio
811 1472 1037 1530 administratur.

164 1573 294 1648 Quodsi
316 1573 404 1630 utitor
418 1577 474 1639 est,
495 1571 604 1645 aliquid
628 1571 761 1644 protento
782 1571 822 1628 ait
845 1587 967 1628 neeesse
993 1573 1039 1628 eat

97 1709 102 1717 ·
163 1673 280 1740 meiius,
293 1678 325 1730 et
348 1671 458 1746 majore
473 1671 505 1727 vi
519 1669 698 1743 praeditum,
716 1667 832 1743 “quum
847 1671 932 1737 dens,
952 1672 1039 1745 quate
1067 1657 1069 1662 ¹

164 1771 331 1848 idunmqne
355 1777 409 1840 est,
434 1745 644 1827 arveiuauima
668 1773 778 1835 natura,
799 1769 865 1826 sire
879 1771 1039 1828 nenessitas

164 1872 326 1948 pismngnn
352 1871 485 1937 inuitato,
506 1870 580 1926 hoen
603 1869 776 1942 pulcerrima
796 1887 885 1944 opera
898 1872 1039 1940 efficiens,

163 1987 240 2048 quae
255 1971 396 2029 ridemur.
438 1971 508 2026 Non
531 1974 578 2026 est
600 1969 690 2044 igitur
701 1975 803 2028 natura
816 1971 936 2028 deorum
958 1989 1039 2045 prae

163 2077 279 2148 potens,
299 2087 394 2146 neque
407 2071 570 2135 exeritum,
584 2067 728 2143 siquidem
749 2087 784 2126 ea
806 2071 937 2144 subjecta
950 2079 995 2128 est
1009 2069 1038 2129 ei

165 2175 216 2231 ret
230 2169 409 2236 necessitati,
425 2171 473 2227 vei
499 2175 629 2236 naturae,
650 2185 706 2244 qua
732 2171 857 2237 eaelum,
871 2171 971 2238 marie,
985 2177 1040 2228 ter*

165 2286 273 2345 raeque
286 2275 430 2342 reguntur.
472 2269 557 2326 Nihit
572 2273 669 2325 autern
690 2273 735 2326 est
758 2271 950 2340 praestantius
973 2273 1038 2330 deo.

166 2369 205 2426 ab
218 2385 255 2423 eo
268 2367 357 2439 igitur
380 2383 502 2422 neeesse
522 2371 568 2422 eat
582 2367 721 2421 noudum
734 2367 804 2438 regi.
848 2369 930 2428 Nutu
953 2371 1041 2445 igitur

167 2470 215 2524 est
235 2468 357 2522 naturae
380 2463 532 2531 obediens,
553 2467 603 2519 aut
622 2462 769 2535 subjectus
793 2465 873 2520 deus.
914 2469 1040 2528 Omnem

198 2618 218 2652 ⁹¹
234 2619 263 2664 ub
272 2632 338 2678 euqrsa
352 2617 428 2664 omnio
435 2631 458 2674 p.
474 2617 533 2678 gari]
550 2616 624 2664 omuio
634 2617 749 2678 displicuit
760 2617 812 2664 viris
823 2616 901 2672 doctis.
920 2621 978 2680 quod
994 2637 1043 2670 esse

169 2677 263 2726 &tent
272 2691 353 2732 omues,
364 2677 417 2738 quia
437 2676 531 2722 refertur
548 2677 578 2722 nd
596 2691 639 2722 rer.
672 2677 715 2723 Sed
726 2676 783 2723 nihil
803 2677 905 2738 impedit,
916 2693 961 2738 quo
970 2683 1042 2729 minus

210 2747 220 2784 t
239 2751 274 2784 rsa
292 2750 365 2786 omues
384 2736 474 2784 dicatur
491 2736 572 2785 omniu.
605 2736 704 2796 Suntque
723 2740 747 2782 et
762 2736 808 2782 alia
827 2738 932 2798 esesnpia
951 2738 1041 2788 simitia.

167 2753 221 2856 Ἐέο
230 2795 306 2842 malim
317 2793 397 2852 deleri,
408 2800 432 2841 ut
442 2795 543 2852 glossuru
556 2793 621 2840 itaet
636 2793 728 2840 Pearnio
739 2793 862 2841 videbatur.

237 2889 285 2922 auur
295 2885 338 2922 arse
346 2874 485 2935 grunnium]
501 2887 529 2920 se.
543 2879 644 2920 untursm
661 2871 724 2918 iiiam
734 2873 874 2921 sentientem.
885 2873 924 2922 sed
934 2875 996 2924 iilunr
1006 2893 1044 2925 uas

170 2939 245 2982 inrnrn
255 2933 384 2980 statuebant
394 2939 517 2988 aeternum,
531 2932 608 2994 itaque
617 2933 637 2978 ei
645 2947 688 2980 noo
700 2933 757 2978 bene
767 2934 809 2980 hou
819 2937 930 2982 convenit.
941 2938 959 2982 ri
969 2938 1044 2987 omniu

171 2999 205 3040 est
216 2991 355 3048 acinorum,
375 2991 528 3050 corrigendum
539 2991 566 3038 rit
575 3007 640 3052 suque
651 3019 657 3026 -
669 3019 675 3026 ·
685 2996 798 3049 generato.
811 3005 868 3038 nuuc
885 2993 961 3041 malim
972 3011 1007 3044 aaa
1024 3013 1042 3045 s.

168 3056 294 3114 gsmrutna,
304 3066 334 3098 so.
345 3065 381 3098 rar
390 3065 470 3106 umsrsr.
478 3065 536 3112 quae
545 3051 657 3110 suie'estae
666 3061 717 3100 aunt
729 3059 822 3098 naturae
832 3053 943 3100 sentienti.

202 3131 224 3164 ⁹³
238 3131 298 3190 pund
315 3135 335 3176 st
352 3131 456 3178 Drurorr.
473 3130 601 3186 simulacro,
620 3135 640 3176 at
650 3130 715 3186 Epic.
727 3159 733 3166 ·
746 3153 753 3162 ·
768 3131 863 3190 paudum
880 3137 941 3190 posto
958 3136 1045 3206 urunt.)

170 3189 249 3238 Placet
257 3189 311 3236 mibi
322 3187 397 3236 Ursini
406 3191 517 3250 sententia
528 3187 643 3246 Epicurus
657 3189 753 3236 delentis
763 3203 776 3235 e
786 3191 832 3237 Ma.
846 3197 887 3238 stro
909 3207 959 3238 uam
976 3209 1045 3243 astruatb

172 3249 423 3308 tomnstimugiuarnit
433 3249 538 3296 differunt
549 3255 573 3296 at
591 3263 632 3309 per
650 3249 816 3307 seintettiginu
835 3265 871 3298 raa
887 3253 917 3298 de
933 3253 1043 3314 Epieatn,

173 3309 224 3370 quie
237 3311 388 3356 Democritum
399 3309 533 3370 sequebatur
549 3308 570 3354 in
589 3313 638 3354 tota
653 3307 695 3354 hae
706 3324 736 3356 re.
770 3309 846 3366 Negat
856 3319 931 3357 autem
950 3321 1044 3376 uterque

172 3370 270 3429 quodam
280 3373 354 3428 panto,
373 3369 439 3414 deum
448 3381 497 3414 esre
505 3367 541 3413 rel
551 3367 612 3421 deos¹
623 3367 675 3427 quin
684 3381 722 3413 eas
731 3366 785 3414 iacit
804 3381 867 3414 mern
878 3370 1003 3429 simulacra,
1020 3379 1045 3420 at

173 3429 264 3476 omuino
274 3428 340 3484 tales,
351 3433 376 3474 ut
385 3435 453 3488 ponat
463 3440 502 3472 eos
512 3427 609 3482 nomine,
620 3427 687 3473 tollet
695 3440 726 3472 ra.

204 3507 226 3538 ⁰⁴
240 3521 305 3564 quum
318 3507 381 3552 Deus
391 3506 410 3575 t·
425 3504 588 3575 iLibriyuigut'i
598 3519 674 3574 omues
682 3505 748 3574 droa.-
764 3505 802 3552 sed
818 3505 840 3552 id
851 3521 893 3568 pro
902 3507 967 3556 Deus
976 3510 1045 3579 serip-

175 3567 224 3612 tum
233 3573 277 3612 est.
289 3581 339 3612 unm
349 3569 469 3624 requiritur
479 3565 516 3628 hro
525 3569 679 3612 noouoatrvns.
689 3569 712 3612 et
722 3575 820 3630 trt‘aepq.
832 3579 920 3630 quoque
929 3575 963 3618 est
972 3569 1045 3630 sinpo-

175 3621 229 3670 larir
239 3642 245 3670 ε
261 3625 321 3672 nituit
329 3639 351 3672 u.
361 3629 391 3672 eat
397 3624 551 3682 praestantius
560 3623 618 3670 Dru.
