2548 4208
248 325 311 391 278
492 317 693 370 naussum
711 313 856 370 ouosuns

245 474 371 540 adesset,
385 469 492 530 nuliius
506 469 717 545 philosophiae,
731 475 831 529 eanum
843 469 972 546 quidem,
992 467 1068 550 qu'as
1085 473 1120 534 in

245 573 356 630 honore
370 577 446 640 sunt,
461 579 580 629 vacaret
595 574 685 629 locus.
727 569 808 630 'Pum
833 571 932 641 Cotta,
956 573 1001 641 Si,
1015 574 1119 650 inquit,

244 671 321 731 iiber
336 671 479 730 Antiochi
494 672 594 740 nostri,
616 673 666 748 qui
679 674 717 731 ab
737 689 775 731 eo
789 691 881 746 nuper
900 674 938 731 ad
956 673 1035 732 hunc
1049 675 1118 731 Bal·

243 772 314 832 burn
327 772 431 830 missus
445 777 499 840 est,
523 790 594 830 vera
608 772 750 848 loquitur3
778 772 853 832 nihil
867 778 922 843 est,
946 775 1022 849 quod
1036 773 1117 830 Piso·

244 889 322 939 nem,
343 870 515 930 familiarem
541 878 630 940 tuum,
651 873 807 932 desideres.
860 874 1017 932 Antiocho
1037 872 1116 932 euim

238 955 340 1031 'Stoici
354 989 420 1030 cum
445 971 649 1046 Peripateticis
663 991 694 1030 re
713 973 870 1031 concinere
893 973 1040 1041 videntur,
1053 987 1116 1030 ver·

236 1055 288 1129 'his
302 1072 466 1148 discrepare
480 1093 486 1128 ε
508 1075 615 1170 quode
636 1074 710 1130 iihro
725 1074 815 1131 velim
828 1071 914 1141 scire,
927 1071 1032 1141 Balbe,
1046 1067 1115 1148 quid

236 1172 363 1256 sentias.
418 1171 548 1247 Egone?
582 1173 677 1247 inquit
704 1173 764 1230 itte.
792 1173 889 1241 miror,
924 1172 1114 1241 Antiochum,

236 1261 391 1328 ‘hominem
404 1271 434 1328 in
444 1272 544 1348 primis
555 1267 681 1341 acutum,
696 1291 756 1330 nou
767 1273 887 1340 vidisse,
901 1257 1042 1329 interesse
1053 1274 1115 1345 plu·

242 1369 347 1427 rimam
362 1373 439 1428 inter
454 1371 579 1438 Stoicos,
595 1373 644 1447 qui
656 1373 778 1430 honesta
793 1370 977 1430 acommodis
991 1387 1051 1428 uon
1063 1387 1115 1428 no·

242 1469 332 1536 mine,
342 1472 393 1528 sed
408 1490 514 1546 genere
527 1476 588 1528 toto
600 1473 817 1548 disjungerent:
841 1477 871 1529 et
884 1471 1114 1545 Peripateticos;

241 1571 291 1643 qui
306 1571 429 1628 honesta
439 1572 663 1630 commiscerent
675 1590 741 1629 curu
756 1571 927 1638 commodis,
941 1575 972 1627 ut
986 1588 1022 1628 es
1036 1570 1114 1628 inter

240 1685 274 1726 se
287 1671 498 1746 magnitudine,
512 1680 542 1728 et
556 1671 638 1746 quasi
656 1672 800 1746 gradihus,
815 1689 874 1729 non
893 1687 1001 1746 genere
1019 1669 1114 1728 differ·

240 1774 316 1827 rent.
331 1769 403 1828 haec
417 1771 497 1828 enim
517 1778 634 1829 estnon
649 1774 803 1828 verborum
823 1787 923 1843 parva,
941 1771 993 1826 sed
1018 1783 1112 1826 rerum

240 1883 398 1942 permagna
411 1868 562 1926 dissensio.
603 1869 715 1927 Verum
728 1871 803 1926 haec
828 1869 917 1926 alias:
945 1887 1022 1927 nunc
1036 1867 1113 1944 quod

240 1966 399 2040 coepimus,
413 1967 439 2025 si
453 1969 575 2026 videtur.
619 1969 696 2026 Mihi
711 1986 790 2037 vero,
804 1968 898 2043 inquit
913 1969 1011 2035 Cotta,
1031 1963 1190 2026 vide-''⁸''

240 2069 296 2122 tur.
339 2066 399 2124 Sed
419 2073 450 2124 ut
471 2067 530 2135 hic,
554 2069 603 2143 qui
624 2069 794 2136 intervenit,
817 2067 894 2126 “me
918 2068 1045 2134 intuens,
1073 2083 1112 2125 ne

238 2163 364 2240 ignoret,
374 2183 448 2241 quae
462 2184 507 2223 res
522 2174 630 2241 agatur,
644 2170 682 2225 de
697 2175 798 2226 natura
812 2170 967 2242 agebamus
981 2169 1111 2224 deorum.

239 2281 314 2340 quae
340 2281 408 2322 cum
434 2265 507 2324 mihi
534 2266 682 2325 videretur
715 2249 897 2341 perobscura,
931 2273 962 2323 ut
997 2281 1112 2340 semper

239 2363 335 2421 uideri
348 2367 441 2436 solet3
481 2365 603 2442 Epicuri
623 2365 691 2424 ²⁵ex
712 2366 832 2424 Velteio
853 2366 1023 2423 sciscitabar
1046 2383 1112 2424 sen·

239 2464 379 2544 tentiam,
400 2470 596 2541 quamohrem,
620 2466 722 2542 inquit,
745 2465 856 2532 Vellei,
876 2465 934 2523 nisi
957 2469 1111 2526 molestum
1224 2537 1226 2546 ‚
1259 2519 1261 2526 Α

238 2569 293 2634 est,
303 2571 402 2640 repete
416 2585 489 2641 quae
503 2583 650 2640 coeperas.
685 2567 828 2638 Repetam
845 2583 923 2622 vero.
937 2583 1109 2641 quamquam

238 2682 299 2722 nou
322 2665 403 2733 mihi,
427 2668 478 2722 sed
503 2666 557 2724 tihi
580 2666 629 2722 hio
654 2666 738 2722 venit
760 2666 882 2737 adjutor.
911 2666 997 2721 ambo
1021 2666 1111 2734 enim,

237 2764 333 2840 inquit
353 2765 492 2834 arridens,
511 2766 553 2836 ,ab
567 2767 670 2824 eodem
694 2765 820 2822 Philone
844 2765 918 2822 nihil
936 2765 1012 2822 scire
1036 2765 1128 2852 didi·

237 2867 330 2924 cistis.
372 2867 452 2925 Tum
475 2884 541 2942 ego,
556 2865 635 2938 Quid
653 2865 849 2932 didicerimus,
871 2865 960 2921 Cotta
981 2865 1108 2922 viderit:

237 2965 258 2998 ²⁸
279 2973 436 3038 tuautem
474 2969 543 3024 nolo
576 2965 736 3032 existimes,
769 2983 815 3021 me
848 2965 1008 3038 adjutorem
1039 2965 1110 3023 huic

237 3069 364 3137 venisse,
391 3068 451 3138 sed
470 3066 641 3132 auditorem,
665 3069 696 3120 et
720 3065 836 3139 quidem
857 3081 990 3138 aequum,
1015 3063 1110 3124 libero

229 3167 355 3242 judicio,
377 3168 458 3225 nnita
490 3162 632 3240 ejusmodi
659 3163 829 3224 adstrictum
860 3163 1046 3232 necessitate,
1076 3168 1113 3220 ut

265 3322 290 3356 Β*
303 3337 338 3370 ms
347 3322 447 3382 intuens]
467 3320 507 3368 int.
519 3318 598 3380 inquit

265 3401 288 3433 ²⁵
302 3417 329 3448 es
341 3401 398 3448 Veii.
410 3400 544 3460 sciscitabor]
562 3399 603 3468 hoe
612 3399 718 3444 cotenon
728 3397 811 3468 dienrm
821 3402 869 3468 est:
896 3397 973 3468 itaque
982 3395 1111 3456 intelligen-

235 3460 288 3506 dum
299 3463 329 3506 de
337 3475 438 3508 sermone
448 3475 483 3516 eo,
493 3460 531 3522 qui
540 3460 582 3505 tort
591 3464 652 3514 ante,
662 3472 728 3519 quam
739 3457 819 3504 Cicero
828 3462 991 3505 intervenisset.

266 3541 289 3572 ²⁶
304 3544 329 3586 tu
339 3544 413 3586 ouum
419 3541 469 3586 noto
479 3537 606 3598 sesamo]
639 3536 742 3584 Davisius
759 3537 839 3583 melius
849 3537 897 3583 iore
906 3542 972 3598 putat
990 3540 1016 3582 tu
1030 3541 1109 3582 outa!

235 3599 283 3645 solo
302 3599 419 3654 existimes,
431 3612 477 3644 non
493 3613 528 3644 ma
546 3597 592 3654 adj.
613 3597 660 3644 uoto
679 3601 729 3644 erat
743 3596 768 3642 iu
785 3595 833 3644 Ms.
850 3596 982 3656 cantabrig.
1002 3593 1041 3644 sed
1060 3593 1110 3653 ipse

236 3657 343 3717 agnouit,
354 3671 399 3703 uon
407 3670 456 3703 esse
464 3658 617 3704 necessarium.
