2558 4198
250 273 316 338 alt
505 263 865 322 unuanunanncauu

247 419 356 496 pdmua
370 416 524 494 adapectua
538 419 640 480 mundi
663 423 900 488 conturbaverat,
918 423 1029 502 postea,
1049 434 1118 484 cum
1155 418 1166 425 ’

247 520 393 578 vidissent
408 526 500 578 malua
515 522 576 596 ejua
597 522 704 591 finitae,
723 528 753 580 et
767 524 942 598 aequabiles,
962 523 1117 598 omniaque

249 619 319 678 ralia
343 620 491 677 ordinibus
507 622 666 690 murleratu,
687 621 919 696 immutabilique
943 623 1117 692 cunctantia,

247 715 412 794 intelligere
426 719 523 777 ineaae
547 720 675 794 aliquem
688 738 748 778 uon
767 723 860 779 nolum
880 720 1070 778 habitatorem
1085 721 1117 779 iu

246 817 304 877 hac
325 817 447 877 coelesti
461 835 497 877 ae
511 818 614 877 divina
628 820 724 888 dume,
737 822 789 878 eerl
810 821 899 878 etiam
919 829 1071 889 rectorem,
1085 823 1116 877 et

246 907 468 986 maderalorem
481 923 512 977 et
532 926 679 994 tamquam
699 919 892 977 architectum
915 920 990 978 lauti
1012 921 1115 994 operia,

193 1012 378 1094 &tantique
403 1019 539 1078 muueris.
580 1019 670 1077 Nune
697 1013 794 1078 autem
820 1019 892 1076 mibi
918 1019 1056 1077 videntur
1079 1037 1115 1078 ne

245 1117 389 1191 auapicuri
406 1118 532 1194 quidem,
546 1124 654 1195 quanta
667 1119 706 1177 ait
718 1118 931 1176 aumbabilbaa
944 1120 1116 1194 coelestium

245 1235 350 1284 rerum,
363 1223 450 1294 atque
460 1219 645 1278 terrestrium.

285 1315 436 1390 Principio
456 1317 535 1374 enim
556 1323 633 1375 terra
652 1317 710 1376 eila
734 1315 766 1376 in
790 1317 888 1376 media
901 1323 981 1392 parte
1004 1317 1114 1388 mundi,

243 1414 418 1476 circumfusa
444 1416 571 1490 undique
604 1421 649 1473 eat
683 1417 739 1474 hac
763 1415 935 1476 'animabili
971 1415 1114 1492 spirabili-

245 1533 301 1594 que
339 1519 450 1585 natura,
475 1514 525 1573 cui
557 1533 663 1572 nomen
686 1520 731 1574 eet
766 1516 828 1585 aiir,
860 1517 1006 1576 Graecum
1041 1516 1114 1575 illud

245 1615 373 1692 quidem,
393 1617 445 1672 aed
473 1621 643 1689 perceptum
657 1613 721 1688 jam
749 1622 847 1674 tamen
869 1635 921 1675 uan
948 1636 966 1675 a
991 1617 1116 1675 nostrie:

245 1715 344 1773 tritum
359 1721 404 1772 eal
418 1715 495 1772 enim
510 1731 562 1787 pru
583 1713 701 1773 Latino.
743 1715 830 1773 Hunc
850 1735 945 1773 rursua
966 1716 1115 1790 amplecti·

245 1913 308 1972 hue.
349 1911 517 1969 Mutuemur
530 1911 586 1968 hoc
600 1927 712 1984 quoque
728 1913 857 1979 verbum,
870 1914 1039 1988 dicaturque
1055 1919 1116 1972 tam

238 2011 347 2068 'aether
370 2011 487 2078 Latine,
511 2026 597 2085 quam
617 2010 725 2067 dicitur
741 2008 810 2066 εὸτι
832 2011 888 2067 elai
910 2011 1120 2084 interpretatur·

245 2107 410 2177 Pacuvium

302 2261 363 2319 Hoc,
372 2259 433 2322 quoa
445 2271 551 2319 memore,
562 2259 633 2308 umtri
643 2258 738 2318 melum,
748 2258 813 2320 Graji
822 2260 942 2322 perbibent
950 2263 1054 2315 aethera.

243 2400 358 2476 ³Quasi
369 2419 440 2459 veru
454 2419 513 2466 nun
529 2402 636 2476 Grajue
650 2404 707 2461 hec
720 2403 809 2461 dicat.
845 2404 888 2462 At
902 2404 1011 2466 Latino
1025 2400 1115 2483 loqui·

242 2515 299 2590 tur.
342 2509 493 2587 Siquidem
520 2527 572 2568 noa
598 2525 657 2564 non
683 2505 765 2583 quasi
797 2505 913 2566 Graece
946 2509 1112 2586 loquentem

243 2610 422 2669 ‘audiamua
462 2609 560 2666 Docet
571 2607 649 2664 idem
660 2605 719 2662 alio
733 2607 816 2662 loco:

369 2775 371 2778 ·
393 2761 542 2822 ⁵tirru'ugena
551 2761 581 2808 de
590 2740 718 2822 intonuerit
727 2759 867 2820 ipaacratic.

247 2908 306 2968 Sed
322 2906 358 2964 ad
382 2904 491 2980 majora
511 2903 669 2963 redeamus.
710 2901 758 2959 Ex
780 2889 900 2961 aethere
920 2901 1008 2977 igitur
1030 2897 1116 2964 inan·-

274 3063 287 3134 ².
301 3059 419 3166 aqlmgelill
428 3073 459 3116 ῃ.
469 3059 571 3119 autam]
603 3056 689 3106 l'rcbna
696 3054 860 3104 Grammaticus
869 3058 928 3118 apud
940 3057 1029 3106 Putach.
1040 3060 1117 3110 hahet

244 3137 321 3170 lmmss
333 3135 348 3165 l.
389 3133 423 3166 ne.

276 3201 288 3233 ³
302 3199 486 3252 censivarum
501 3194 595 3256 majus]
616 3193 660 3240 hcc
669 3195 697 3241 ad
709 3193 829 3240 Pacuvium
841 3210 883 3241 non
897 3195 1002 3257 pertinet,
1018 3163 1060 3258 qni
1069 3199 1115 3248 suit

246 3257 406 3366 ⁸Iarqttiqqqaeaeeql
414 3256 442 3302 ad
452 3268 576 3316 persenam,
594 3267 653 3314 quae
670 3253 693 3300 in
708 3253 784 3299 tabula
801 3255 893 3313 lcqnana
907 3253 1066 3305 inducebatur:
1085 3273 1118 3307 η

276 3393 438 3454 munemne]
469 3391 682 3450 Conjeeicuda’mua.

236 3497 237 3502 =
276 3471 537 3542 illaqueandum]
568 3471 660 3518 Grotius
669 3471 772 3526 correxit.
782 3470 937 3532 brajaganrm
948 3480 969 3520 te
983 3487 1026 3520 aare
1034 3489 1055 3520 a.
1064 3475 1118 3534 ipae

247 3530 332 3576 arctio:
347 3532 406 3588 quod
415 3544 440 3575 en
457 3529 532 3587 enon,
547 3529 612 3589 mmai
620 3545 641 3578 u.
652 3543 698 3580 acu
707 3531 793 3592 Graius
802 3531 840 3579 hcc
849 3533 914 3591 dicat,
927 3533 1013 3594 optime
1022 3548 1117 3584 conam-

247 3589 284 3634 att.
294 3586 380 3646 placuit
389 3593 414 3634 et
446 3588 513 3636 uuio.
