2558 4198
231 287 295 352 aon
480 256 528 336 nn
545 285 687 338 aarum
706 285 850 340 onoaum

230 433 316 503 dalis,
334 431 357 466 “
366 434 433 494 'cum
442 431 475 494 in
489 435 701 506 imbecillitate,
721 436 965 514 gratificationem
978 444 1010 500 et
1022 441 1105 504 beni·

229 533 391 592 volentiam
405 535 537 610 ponitis?
577 538 620 596 Ut
641 539 722 598 euim
742 538 875 597 omittam
891 539 962 609 vim,
976 547 1007 600 et
1020 547 1102 602 natu·

228 649 290 690 ram
323 634 460 692 deorum:
490 653 528 694 nc
555 637 689 696 homiues
723 637 839 712 quidem
871 639 1010 706 censetis,
1043 640 1102 699 nisi

228 730 372 792 imbecilli
382 739 489 805 essent,
502 735 611 795 lutnroa
625 737 782 804 beneficos,
793 743 824 796 et
837 737 980 813 benignos
989 737 1100 799 luisse!

228 831 319 892 Nulla
329 839 373 891 eat
387 834 493 892 caritas
508 835 647 895 naturalis
660 836 738 896 iuter
751 834 866 896 bonos?
884 855 983 896 carum
996 839 1100 914 ipsum,

228 935 351 991 verbum
376 940 421 993 eat
449 933 573 1004 cmoris3
593 953 634 994 ax
661 952 718 1011 quo
744 935 892 994 amicitiae
921 954 1028 996 nomen
1055 941 1100 996 eat

227 1031 366 1091 ductum:
389 1051 474 1109 quam
501 1033 527 1092 ai
557 1035 595 1092 ad
620 1035 744 1094 lruclnm
775 1044 907 1094 nostrum
938 1037 1102 1106 releremua,

227 1148 287 1189 non
315 1135 353 1194 cd
378 1133 456 1192 illius
479 1135 641 1202 commoda,
664 1153 750 1212 quem
769 1134 939 1210 diligimus3
960 1153 1020 1194 nou
1044 1135 1100 1195 erit

227 1231 285 1288 iata
318 1232 459 1302 amicitia,
484 1235 537 1292 aed
569 1239 731 1292 mercatura
764 1236 907 1310 quaedam
940 1235 1100 1294 utilitatum

226 1345 351 1388 auarum.
393 1331 490 1400 Prata,
502 1338 534 1391 et
547 1351 628 1402 arra,
642 1339 673 1393 at
686 1335 829 1408 pecudum
853 1351 955 1410 greges
973 1333 1098 1408 diligun-

226 1429 344 1499 turjslo
363 1433 458 1500 modo,
472 1434 547 1508 quod
569 1429 679 1492 lruclus
702 1451 742 1492 ex
766 1434 809 1492 cis
833 1434 995 1508 capiuntur.
1036 1433 1099 1490 Ho-

227 1511 338 1588 minum
365 1531 482 1602 caritas,
509 1537 539 1591 et
567 1532 707 1601 amicitie,
733 1534 859 1608 grutuita
882 1537 936 1590 est.
978 1531 1097 1605 Quanto

226 1629 315 1703 igilur
328 1631 420 1707 magia
433 1629 576 1692 deorum?
596 1633 646 1709 qui
666 1635 748 1691 nulla
771 1650 802 1691 rc
822 1638 953 1708 egentes,
967 1638 997 1690 ct
1020 1631 1098 1689 iuter

226 1753 263 1808 se¹
282 1733 417 1808 diligunt,
438 1739 469 1790 el
491 1733 657 1795 bominibus
680 1735 844 1791 consulunt.
887 1733 972 1803 Quod
999 1733 1030 1789 ni
1054 1731 1098 1789 ita

225 1833 274 1900 ait,
294 1833 363 1910 quid
382 1849 564 1902 veneramur,
577 1833 646 1908 qnid
659 1849 810 1908 precamur
829 1829 922 1889 deos?
941 1847 994 1889 cur
1006 1831 1097 1890 sacris

225 1932 388 2006 pontifices,
425 1947 477 1990 cur
510 1931 646 2008 auspiciis
676 1948 798 2006 augures
829 1929 989 2005 praesunt?
1028 1931 1097 2006 quid

224 2034 357 2104 optamus
372 2030 459 2087 adila
483 2029 716 2089 immortalibus?
745 2030 814 2106 quid
842 2028 1013 2092 vovemus?
1052 2033 1097 2088 At

224 2130 315 2188 ctiam
327 2131 402 2187 llber
415 2133 460 2186 est
474 2128 604 2202 Epicuri,
627 2129 665 2186 de
689 2129 856 2188 sanctitate.
898 2131 1039 2189 Ludimur
1058 2131 1098 2188 ab

224 2229 343 2287 homine
364 2245 423 2286 uon
438 2235 497 2286 tam
512 2228 617 2296 facero,
631 2244 716 2304 quam
731 2229 767 2292 ad
781 2229 929 2289 scribendi
943 2229 1096 2288 licentiam

224 2329 326 2387 libero.
368 2330 451 2403 Quae
485 2327 564 2387 enim
591 2333 687 2403 potest
717 2346 782 2386 esse
809 2328 960 2408 sanctitas,
993 2330 1019 2386 si
1052 2329 1097 2388 dii

224 2429 352 2486 bumana
375 2447 436 2487 nou
456 2426 583 2488 curant?
602 2447 676 2505 quae
700 2435 797 2486 cutem
823 2429 957 2486 animans
985 2434 1097 2498 natura,

224 2527 298 2587 nihil
321 2527 450 2588 curans?
470 2529 568 2588 verius
589 2533 634 2586 est
655 2527 743 2604 igitur
756 2527 892 2607 nimirum
912 2513 999 2592 illud
1018 2527 1096 2603 quod

224 2628 373 2686 familiaris
396 2628 525 2686 omnium
550 2625 679 2688 nostrlim
704 2626 877 2684 Posidonius
904 2627 1039 2685 disseruit
1062 2627 1096 2686 in

222 2729 298 2786 libro
324 2728 426 2803 quinto
452 2728 490 2786 dc
514 2731 616 2785 natura
634 2728 763 2794 deorum,
791 2729 886 2784 nullos
916 2745 981 2784 esse
1014 2728 1096 2796 deos,

222 2828 351 2904 Epicuro
385 2827 498 2886 videri:
519 2843 649 2904 quaeque
675 2826 701 2884 ia
735 2827 773 2883 dc
800 2827 858 2884 diis
884 2825 1096 2884 immortalibus

221 2922 339 2996 dixerit,
362 2927 494 2986 invidiae
518 2927 708 2985 detestandae
732 2925 825 3000 gratia
852 2925 973 2983 dixisse.
999 2941 1094 2998 neque

220 3030 302 3092 cuim
326 3031 386 3086 tum
399 3026 546 3101 desipiens
566 3025 678 3094 luisset,
697 3028 729 3082 ut
748 3021 769 3054 ⁴³
777 3020 946 3082 homunculi
967 3023 1095 3082 similem

250 3207 274 3240 ⁴²
288 3221 339 3253 mum
348 3205 375 3254 irs
383 3201 532 3250 imbecillitate
546 3215 583 3260 gr.
594 3226 604 3236 ·
613 3225 621 3236 ·
631 3199 721 3260 metm]
737 3199 812 3262 recepi
822 3200 983 3248 correctionem
994 3197 1093 3268 virorum

220 3267 345 3314 doctorum.
377 3262 471 3322 Vulgati
491 3276 543 3307 cum
555 3260 740 3331 .²'i¹⁵‘⁶i²²²'¹⁰²i''⁴.·
772 3261 853 3330 Sensus
872 3267 915 3318 est,
934 3275 983 3306 cum
1001 3265 1095 3318 putatu,

218 3319 1095 3446 didttttttlg‘lttltilliiiiiilttlltt?’‘militi''

250 3461 273 3496 ⁴³
287 3458 543 3519 homunculiaimilcm.]
575 3457 757 3504 SicDavisiusin
773 3457 831 3506 Mra.
850 3456 920 3503 suisr
950 3454 1002 3512 erit,
1019 3453 1094 3502 notin

218 3521 295 3568 lluell.
307 3521 375 3580 vulgo
381 3519 530 3568 bnmrrnculia.
542 3517 598 3564 illud
609 3517 688 3565 melius
698 3518 803 3564 usuvenit
813 3515 920 3576 singulari
973 3529 1002 3562 m.
