2548 4208
398 355 402 362 ·
468 341 566 408 irata
581 349 734 406 coranus.
791 353 794 360 ’
977 343 1042 408 2⁵1

168 494 287 578 babent,
299 519 357 566 nec
376 508 438 564 tam
458 507 558 573 multa,
572 508 603 562 et
625 518 691 561 raro
714 497 827 566 vident,
848 509 916 556 cum
937 491 970 554 in
989 507 1043 551 am

170 623 236 668 ntra
249 610 404 666 venerunt.
447 605 527 677 Quae
551 607 650 661 tamen
669 597 690 633 ⁴⁵
703 597 805 674 pungit
826 594 944 672 aliquid,
964 609 1043 659 cum,

167 705 222 765 illa
236 708 313 765 uude
340 703 478 772 habeant,
499 703 697 762 recordantur.
718 747 720 750 .
738 696 842 756 “Diae
863 693 992 760 deficiat,
1015 691 1043 749 ai

168 805 263 862 velim
276 803 454 877 paupertatis
466 819 584 861 caueam
597 788 763 860 defendere.
778 798 879 870 aperta
899 793 979 852 enim
994 807 1041 848 ree

91 921 96 926 ’
168 907 225 972 eat,
235 907 266 959 et
279 902 406 977 quotidie
419 921 472 962 noa
486 902 549 977 ipaa
563 907 666 959 natura
676 900 823 964 admonet,
833 909 919 971 quam
930 889 1042 966 paucis,

169 1017 256 1077 quam
271 1001 368 1074 pervia
382 1003 465 1062 rebus
479 1006 575 1078 egeat,
589 1016 675 1076 qnam
684 998 802 1055 vilibus.

190 1099 292 1158 ,Num
315 1099 402 1174 igitur
425 1101 606 1174 ignobiliter,
627 1102 678 1155 aut
704 1093 865 1160 humilitas,
883 1095 933 1148 aut
951 1089 1041 1148 etiam
1054 1103 1096 1164 3ss

116 1196 127 1208 ”
170 1196 316 1272 popularia
326 1194 457 1263 offensio,
470 1197 634 1270 eapientem
645 1196 761 1252 matum
776 1209 840 1248 eaaa
854 1185 1042 1266 prohibebit?

171 1293 258 1363 vide‚'
274 1312 312 1352 ne
326 1297 391 1368 plue
404 1295 620 1352 commendatio
638 1293 671 1350 in
685 1294 799 1366 vulgua,
812 1295 843 1348 et
864 1291 947 1358 llaec,
967 1305 1043 1364 quaa

170 1395 327 1469 expetitur,
340 1391 434 1468 gloria
457 1393 609 1450 molestiae
633 1393 750 1460 habeat,
773 1407 859 1466 quam
873 1386 1043 1463 voluptatis.

170 1493 413 1554 Levieuluanaue
431 1489 455 1546 θ’
467 1498 566 1550 uoetar
579 1491 806 1557 Demosthenes,
819 1489 869 1564 qui
883 1488 936 1545 illo
949 1503 1043 1544 cucur·

170 1608 205 1650 rc
227 1591 369 1650 delectari
382 1607 414 1646 ae
434 1589 552 1647 dicebat
576 1604 681 1663 aquam
701 1586 821 1646 larentia
844 1587 1044 1652 mulierculae,

170 1696 203 1750 ut
217 1707 279 1748 moa
303 1689 335 1748 in
360 1687 489 1748 Graecia
513 1692 567 1754 eat,
580 1685 843 1761 insusurrantisqw
865 1685 961 1753 alteri,
982 1683 1045 1742 ilic

171 1794 217 1848 eat
227 1789 288 1848 ille
307 1789 534 1848 Demosthenes.
575 1787 654 1861 Quid
668 1787 724 1875 boc
739 1783 858 1844 levior?
899 1785 942 1843 At
955 1800 1044 1860 quan·

170 1893 217 1948 tue
231 1886 350 1947 orator?
369 1890 421 1948 aed
434 1890 510 1964 apud
524 1888 598 1947 alica
622 1887 701 1964 loqui
725 1887 869 1945 videlicet
891 1886 1045 1955 didicerat,

168 2005 231 2050 nou
253 1991 375 2047 multum
394 1988 457 2063 ipae
481 2003 589 2047 aecum.
631 1987 860 2064 Intelligendum
880 1991 925 2044 eat
945 1986 1045 2062 igilur,

144 2151 146 2156 ,
171 2105 229 2164 uec
242 2087 364 2163 gloriam
385 2089 554 2162 popularem
575 2088 669 2162 ipram
684 2105 735 2162 per
756 2105 821 2144 aeae
835 2086 1045 2161 expetendam,
1127 2131 1130 2140 .

170 2204 229 2270 nec
252 2187 466 2262 ignobilitatem
486 2187 747 2246 extimescendam.
787 2187 870 2245 Vani
899 2187 1046 2253 Athenas,

170 2286 266 2362 inquit
295 2286 500 2345 Democritua:
521 2305 616 2361 neque
629 2305 677 2346 me
696 2285 717 2318 ⁴⁸
729 2287 879 2362 quiequam
895 2285 939 2344 ibi
958 2299 1046 2360 agno·
1064 2311 1094 2324 ·¹

172 2384 228 2442 vit.
246 2437 248 2442 .
269 2383 463 2442 Constantem
493 2384 641 2442 hominem
672 2389 703 2442 et
735 2390 873 2458 gravem!
903 2385 953 2462 qui
985 2387 1047 2460 glo-

172 2481 272 2549 rietur,
301 2497 320 2539 a
350 2481 442 2554 gloria
472 2498 504 2538 aa
537 2481 653 2538 aiuiaee.
706 2467 761 2539 Au
788 2483 933 2553 tibicinea,
965 2485 1045 2560 iique

173 2579 224 2656 qui
247 2578 352 2636 fidibus
375 2583 503 2647 utuntur,
524 2596 588 2647 auo,
615 2596 674 2638 non
696 2580 892 2645 multitudinis
917 2581 1047 2649 arbitrio,

173 2683 276 2738 centua
300 2695 491 2753 numerosque
511 2680 717 2737 moderantur:
739 2681 786 2738 uir
806 2679 934 2753 sapiens,
954 2681 1047 2737 multo

173 2777 358 2851 artemqjore
372 2777 530 2852 praeditus,
551 2793 620 2846 non,
634 2777 703 2852 quid
722 2778 906 2836 veriaaimum
920 2778 968 2846 ait,
994 2778 1049 2837 aad
1162 2802 1165 2808 ·

173 2876 242 2952 quid
269 2876 341 2934 velit
363 2878 477 2951 vulgus,
501 2875 658 2950 exquiret?
677 2894 715 2934 an
739 2877 894 2952 quidquam
921 2877 1047 2950 stultiut,

173 2990 269 3051 quam,
282 2991 353 3048 quoa
367 2975 495 3050 singulae
515 2974 590 3033 aicut
603 2973 750 3051 operariae
765 2977 957 3053 barbarosque
978 2995 1048 3038 cca-

203 3133 226 3172 *ὅ
237 3135 424 3200 puugitala‘qur'd,
433 3135 535 3187 camilla
544 3139 706 3189 ondeiabeant
721 3143 775 3206 rra]
792 3157 820 3190 rc
835 3142 887 3204 qnia
897 3157 964 3207 caepe
994 3155 1048 3190 uae·

171 3197 274 3306 §papan
287 3197 347 3245 suria
359 3204 383 3245 et
392 3199 447 3246 aliar
462 3200 532 3248 maiar
541 3206 601 3247 arten
615 3201 736 3260 habebant,
753 3207 778 3250 ut
798 3203 880 3252 Verraa
897 3204 957 3266 apud
1004 3203 1048 3250 ice-

173 3329 412 3444 efeffiidffidm']
443 3301 545 3387 ateana
562 3339 883 3401 clanculumque
898 3340 950 3390 uua
969 3341 1045 3405 ptum

204 3469 226 3506 ⁴⁷
241 3479 313 3544 auster
322 3477 485 3548 Dementiam]
501 3481 574 3526 mater
592 3494 636 3526 noa
646 3484 680 3528 ert
690 3480 713 3528 in
733 3477 790 3532 Mra.
802 3480 878 3542 aliquo
892 3480 957 3530 leid.
968 3481 1046 3545 placet

175 3529 273 3580 Buherro
282 3539 305 3580 at
313 3537 367 3582 uulu
378 3537 457 3584 deleri.
484 3575 487 3582 .

204 3606 226 3641 ⁴⁸
243 3609 358 3671 puberum
366 3611 400 3663 ot
408 3613 505 3680 morit]
521 3615 555 3666 ibt
565 3617 649 3665 addunt
660 3615 719 3670 Mn.
729 3619 813 3684 ptura,
822 3619 890 3672 etiam
901 3621 976 3674 Goelt.

216 3707 354 3756 vonna.
606 3696 677 3758 22*
