3354 4234
725 331 823 394 ltlutt
838 338 969 392 rnrnus.

545 481 643 551 kimie
657 489 762 540 odrtletus
777 491 847 538 lromo
864 495 928 537 atus
939 484 1014 536 teliu·
1033 483 1119 532 Sextus.

398 619 594 705 Empedocles
608 631 735 688 animum
755 649 818 688 esse
833 634 943 697 censet,
957 625 1038 686 cordi
1053 623 1190 682 suffusum
1205 639 1269 682 san·

398 730 526 804 guinem.
549 730 614 787 eliis
635 747 700 804 pers
724 732 864 806 quaedam
887 729 999 786 cerebri
1014 728 1078 784 visa
1106 731 1150 783 est
1177 723 1269 782 enimi

364 828 1269 904 ·mfflmmfflmmmwmmmmme

396 929 509 987 cerebri
524 930 667 1003 quandum
682 933 802 1003 perlem,
827 947 891 987 esse
918 929 1066 985 animum:
1087 927 1138 982 sed
1166 924 1216 981 alii
1236 924 1270 982 irt

396 1029 495 1095 corde,
509 1027 559 1085 olii
574 1028 605 1085 in
619 1030 739 1086 cerebro
752 1028 888 1085 dixerunt
909 1027 998 1085 enimi
1022 1041 1085 1084 esse
1109 1025 1218 1090 sedem,
1238 1025 1270 1080 et

396 1125 503 1183 looum.
528 1126 657 1184 animum
681 1119 779 1185 aulem
799 1127 850 1184 elii
869 1127 1006 1194 animam,
1025 1123 1046 1158 π
1058 1130 1088 1182 ut
1103 1125 1162 1182 lere
1177 1123 1269 1180 nostri

396 1223 1268 1300 mmmummnmmdmmefflmmmefflm

395 1323 529 1393 dicimus,
544 1331 573 1382 et
588 1325 743 1393 animosos,
756 1331 786 1381 et
801 1327 876 1382 bene
899 1323 1051 1391 animatos,
1066 1328 1096 1380 et
1116 1341 1155 1380 ex
1177 1321 1269 1379 animi

395 1425 564 1480 sententia:
585 1423 647 1498 ipse
661 1429 758 1481 aulem
773 1423 885 1482 animus
908 1425 945 1481 sb
972 1423 1071 1482 anima
1091 1421 1187 1479 dietus
1211 1423 1267 1478 est.

397 1509 1319 1597 Mmffiffioemmmmwffim.&flmmffl0

396 1619 473 1687 dem,
488 1637 560 1694 quae
575 1619 648 1685 dixi,
662 1638 721 1687 cor,
742 1623 902 1687 cerebrum,
922 1621 1059 1687 animum,
1083 1619 1191 1693 ignem,
1207 1620 1270 1675 vul·

396 1737 450 1794 go:
473 1719 582 1792 reliqua
612 1718 672 1775 lere
702 1719 820 1793 singuli,
853 1724 884 1775 nl
918 1715 1003 1775 rnulti
1036 1723 1105 1774 ente
1141 1721 1267 1774 veteres.

394 1815 415 1848 ³⁸
426 1818 563 1875 Proxime
574 1823 672 1874 antem
687 1819 891 1887 Aristoxenus,
906 1818 1043 1882 musione,
1058 1817 1191 1892 idemque
1206 1817 1268 1892 plri-

395 1920 540 1992 losophus,
556 1918 645 1992 ipsius
660 1919 787 1992 eorporis
806 1917 1034 1976 mintentionem
1050 1918 1203 1992 quandam,
1217 1935 1267 1974 ve·

395 2015 1267 2094 msswmmmfflmmmmmmmeMmmffi

396 2115 1263 2192 mmmmmmmmdmmfffflmmmmm

395 2217 1265 2294 mmmmmmmm.fflmwMMmm

396 2317 527 2384 recessit,
541 2322 571 2373 et
596 2321 694 2374 temen
722 2317 798 2373 dixit
820 2317 938 2392 aliquid,
964 2317 1039 2391 quod
1062 2316 1155 2390 ipsum
1182 2315 1269 2390 quale

395 2416 1268 2490 mmmmmwmeMMmemmmmma

396 2513 529 2572 Plutone.
571 2515 753 2571 Xenocrates
768 2513 857 2572 enimi
870 2515 998 2590 ligurum,
1013 2521 1042 2572 et
1057 2513 1139 2589 quasi
1153 2529 1267 2587 eorpus,

395 2614 515 2690 negavit
544 2631 618 2682 esse,
638 2633 737 2671 verum
753 2632 901 2671 numerum
917 2614 993 2672 dixit
1016 2633 1090 2681 esse,
1114 2609 1268 2686 cujusvis,
1312 2629 1316 2637 “

395 2711 1267 2786 mmmmmffimfflmmwmmfflmmmmm

395 2831 442 2870 ma
457 2817 542 2868 esset.
555 2811 617 2884 ejus
637 2811 738 2867 doctor
753 2811 838 2867 Plelo
852 2811 998 2884 triplicem
1019 2811 1105 2868 linxit
1119 2809 1266 2868 unimam:

425 2964 449 2999 ³⁷
463 2965 546 3022 elfere
556 2965 627 3012 nosln'
635 2965 748 3012 decumus
757 2965 846 3023 nemen]
863 2963 923 3011 loeus
932 2963 969 3011 nte
980 2964 1042 3012 varie
1052 2965 1140 3024 legitur.
1158 2964 1195 3010 sed
1205 2964 1268 3012 nulla

384 3023 447 3071 dnm
457 3025 525 3072 lectio
535 3025 589 3072 rnihi
600 3033 688 3086 reperta
698 3028 739 3078 est,
750 3037 807 3084 qnae
826 3023 879 3069 sutis
898 3024 1005 3084 placeret.
1026 3025 1141 3071 dedorunt
1159 3025 1267 3071 numenei

394 3085 489 3138 abesset,
497 3085 552 3130 nilril
563 3084 714 3130 laboraremus
724 3103 729 3129 ε
747 3083 861 3141 volgatum
869 3089 913 3140 ert,
923 3098 967 3145 quo
978 3085 1053 3140 verbo,
1062 3099 1150 3132 onrnrue
1159 3099 1188 3131 sc.
1197 3083 1267 3130 nostri

396 3159 437 3206 pro
447 3158 573 3202 synonymo
581 3149 679 3190 utuntur.

425 3223 446 3256 ³³
462 3222 569 3270 Proxime
583 3229 659 3268 nutem
670 3222 709 3282 Α]
742 3220 855 3278 Bentlejus
866 3222 967 3267 buerunr
977 3223 1125 3269 antecedente
1144 3222 1265 3281 conjungit,

396 3286 421 3329 ul
430 3282 558 3328 molliente
569 3287 653 3332 ueteres,
663 3280 763 3336 prueime
777 3289 860 3326 nutem.
873 3296 951 3342 nempe
961 3282 1013 3342 quin
1024 3287 1047 3327 et
1059 3283 1125 3328 Plnto
1141 3281 1266 3338 hujusmodi

396 3341 449 3411 prid
459 3339 538 3388 statuit
558 3340 579 3386 ln
600 3341 822 3395 l'lnredoneutnnte,
839 3341 1028 3395 praetereuntem
1048 3355 1091 3388 non
1102 3342 1159 3387 bene
1176 3355 1266 3399 consen·

396 3405 462 3445 trunt.
476 3399 550 3458 itaque
561 3399 673 3455 Bentlejus
684 3413 725 3459 pro
734 3399 802 3444 multi
818 3399 906 3444 volebat
918 3399 961 3458 legi
970 3403 1046 3446 mullo.

425 3479 447 3510 ³⁸¹
461 3477 477 3524 ι’.
487 3477 607 3537 querulum,
618 3479 685 3532 velut,
696 3478 751 3538 ete]
783 3477 828 3524 llic
838 3491 912 3523 ren-m
923 3493 966 3524 non
977 3480 1029 3534 sotir
1039 3479 1125 3540 planus.
1155 3453 1216 3526 fidu.
1229 3495 1264 3542 pr.

396 3535 478 3582 hebent
490 3545 539 3596 port
549 3537 660 3595 quandam
670 3535 796 3582 semicolon.
808 3537 872 3582 clare
886 3539 929 3584 erit
944 3539 1063 3600 sententis,
1073 3540 1091 3588 si
1102 3553 1129 3588 ex
1138 3539 1199 3588 sslul
1209 3541 1266 3588 lece·

397 3595 463 3640 rimus
473 3600 493 3640 et
503 3599 534 3641 ut:
547 3595 583 3641 nui
592 3595 672 3643 deiude
682 3595 800 3655 respondet
810 3596 847 3644 ric.

436 3693 506 3734 ron.
522 3693 574 3734 xv.
853 3675 898 3734 2*
