2538 4188
429 311 692 387 urnanrnnrrus.
929 281 1001 378 ω’

125 465 285 518 commotus
310 459 367 518 sit:
389 461 463 520 alter
486 461 656 520 “Valentia
669 465 699 519 et
721 460 894 519 Phoronidis
909 461 993 531 lilius.

125 557 159 628 is,
172 558 193 591 ⁷¹
204 559 253 635 qui
268 562 321 616 sub
333 560 415 618 terris
430 560 653 636 habetunlidem
669 560 870 635 Trophonius:
893 562 993 618 tertius

125 657 203 715 Jove
218 659 305 715 tertio
319 665 413 728 natus,
427 667 456 717 el
472 661 562 734 maja,
575 679 614 718 ex
629 676 685 736 quo
698 667 727 718 et
742 660 892 734 Penelopa
912 660 995 718 Pana

126 763 229 814 natum
252 757 363 816 lerunt:
392 765 509 834 quartus
532 759 602 816 Nilo
626 765 716 833 patra,
739 777 825 834 quem
853 757 995 832 Aegyptii

125 857 208 914 nefas
232 857 341 916 habent
363 858 511 916 nominare
522 880 536 916 :¹
550 859 675 935 quintus,
697 876 783 933 quem
805 861 904 914 colunt
920 858 994 914 Pha·

125 960 240 1028 neatae,
255 958 346 1032 quiet
365 959 477 1034 Argum
495 958 601 1018 dicitur
615 957 807 1026 interemisse,
822 957 860 1014 ob
874 973 995 1030 eamque

127 1071 245 1113 causam
269 1055 289 1088 ⁷⁸
307 1059 475 1132 Aegyptum
507 1059 675 1132 profugisse,
713 1063 800 1131 atque
840 1054 996 1128 Aegyptiis

125 1156 205 1230 leges
234 1161 263 1212 et
288 1157 397 1216 litteras
412 1159 575 1220 tradidisse.
618 1159 706 1214 Hunc
729 1154 872 1229 Aegyptii
894 1154 997 1224 Thpth

93 1293 96 1298 ·
127 1256 291 1326 appellant:
312 1254 501 1332 tenuemque
520 1257 637 1316 nomine
661 1257 734 1314 anni
756 1256 863 1329 primus
888 1255 996 1312 mensis

126 1355 203 1426 apud
225 1373 275 1411 eos
309 1363 438 1413 vocatur.
483 1356 727 1429 Aesculapiorum
751 1356 869 1429 primus,
907 1357 997 1428 Apol·

127 1452 207 1536 linis,
221 1471 305 1527 quem
322 1457 453 1512 Arcades
467 1458 585 1525 colunt;
606 1455 655 1528 qui
668 1455 822 1527 specillum
836 1455 996 1523 invenisse,

127 1551 292 1626 primusque
320 1553 425 1610 vulnus
462 1553 568 1610 dicitur
605 1553 799 1626 obligavissa:
843 1554 998 1618 secundus,

125 1653 249 1708 secundi
265 1653 403 1710 Mercurii
417 1653 510 1710 trater.
531 1653 556 1708 is
571 1651 691 1709 fulmine
718 1668 878 1724 percussus,
891 1650 999 1706 dicitur

126 1751 261 1808 humatus
275 1768 339 1807 esse
360 1749 380 1781 ⁸⁰
392 1751 568 1824 Cynosuris:
601 1751 713 1816 tertius,
731 1748 851 1822 Arsippi
872 1755 902 1805 et
919 1747 999 1806 Arsi·

125 1867 222 1915 noae:
244 1849 293 1921 qui
317 1849 424 1922 primus
439 1851 639 1924 purgationem
653 1851 723 1915 alvi,
743 1848 897 1922 dentisque
918 1849 999 1904 evul-

125 1949 251 2028 sionem,
276 1953 308 2005 ut
330 1949 434 2018 ferunt,
455 1950 590 2008 invenit:
619 1951 707 2035 'cujus
728 1949 760 2008 in
787 1949 915 2008 Arcadia
938 1965 998 2007 non

127 2047 216 2120 longe
230 2064 248 2102 a
262 2047 353 2105 Lusio
373 2048 490 2107 flumine
505 2052 669 2124 sepulcrum
683 2055 714 2107 et
728 2051 809 2108 lucus
826 2048 997 2112 ostenditur.

128 2145 300 2218 Apollinum
327 2147 542 2223 antiquissimus
567 2151 715 2225 larquem
741 2151 839 2222 paullo
863 2153 931 2204 ante
959 2139 1053 2202 exau

128 2245 268 2300 Vulcano
296 2252 395 2304 natum
422 2267 485 2306 esse
509 2249 582 2316 dixi,
609 2251 759 2306 custodem
797 2247 998 2307 Athenarum:

127 2345 203 2400 aller
218 2341 395 2416 Corybantis
410 2345 495 2410 filius,
509 2351 595 2400 natus
608 2345 640 2399 in
666 2346 754 2413 Creta
764 2365 778 2412 ς.
793 2345 926 2418 cujusda
948 2345 1001 2401 illa

128 2441 227 2498 insula
250 2425 350 2496 8¹'curn
377 2440 455 2497 Jove
486 2441 549 2514 ipso
570 2445 718 2498 certamen
745 2439 832 2495 luisse
857 2442 999 2499 traditur:

161 2601 185 2635 '1⁶
203 2594 302 2644 Valentia
321 2605 341 2646 al
356 2594 510 2655 Phoronidis]
557 2593 644 2642 Valens
664 2593 768 2654 exprimit
788 2591 899 2640 Graecum
920 2607 1000 2641 nomen

128 2679 204 2729 ww,
233 2654 278 2698 Pro
294 2653 432 2737 lfflarcnidir
442 2653 559 2712 legendum
573 2653 700 2732 Coronidis,
712 2653 779 2699 docet
795 2651 908 2728 parisius,
920 2665 947 2696 ex
957 2665 1001 2730 :pm

129 2717 1001 2888 :rnanmppnm:nrm
1092 2757 1095 2762 ·

132 2847 179 2904 ejus
190 2853 265 2892 autem
277 2849 348 2890 mater
357 2856 379 2890 es
420 2852 556 2896 mauman
658 2854 685 2886 as.

165 2925 189 2958 ’Π
235 2924 303 2970 inuh
320 2921 385 2967 terris
399 2919 509 2978 mortun]
542 2917 663 2964 Lambinus
683 2915 737 2975 legit
754 2915 816 2961 hulst
833 2916 847 2961 i.
865 2927 885 2960 e.
903 2913 1001 2971 habitat,

132 2985 200 3045 idque
208 2999 231 3029 m
243 2983 291 3029 Ma.
303 2981 393 3042 reperit.
404 2980 497 3026 laudetur
507 2981 581 3039 potest
596 2991 651 3033 esse,
661 2975 701 3022 sub
712 2975 776 3021 terris
787 2979 834 3032 est:
851 2977 875 3019 et
883 2971 942 3019 idem
952 2987 1002 3020 curn

133 3038 267 3103 Trophonio
276 3045 374 3102 putatur.

162 3123 186 3155 ‘¹⁸
201 3123 326 3178 Aegyptum
333 3117 466 3176 profugisse]
487 3114 592 3170 malacia,
603 3113 714 3160 interdum
731 3111 821 3158 nomina
832 3109 944 3168 regionum
956 3109 1003 3157 sine

133 3193 188 3242 pras
229 3181 298 3226 itione
310 3177 372 3236 jungi
384 3175 466 3228 verbis.
485 3180 509 3220 ut
527 3175 616 3222 nomina
633 3171 732 3231 urbinm3
749 3177 824 3217 tamen
842 3169 909 3238 credo
925 3170 961 3216 tric
975 3171 1003 3216 r'n

135 3240 183 3288 sxci
200 3239 250 3295 isse,
260 3252 300 3299 per
310 3237 396 3284 finalem
408 3236 430 3280 in
440 3248 536 3280 causam.

136 3317 186 3423 ‘dg'
200 3316 322 3376 tardamque]
344 3329 385 3375 qus
395 3327 439 3361 non
448 3297 490 3359 nii:
508 3311 531 3358 in
541 3311 598 3358 Mas.
611 3309 705 3368 Davisii,
716 3323 756 3356 nec
766 3313 800 3356 est
810 3308 833 3356 in
843 3307 969 3356 (duell-aut
979 3307 1002 3355 in

182 3411 188 3424 .
199 3392 233 3438 pr.
821 3401 824 3406 ,

163 3455 185 3488 ss
199 3453 332 3513 omum]
353 3451 408 3496 urbe
419 3451 549 3498 Laconicae.

162 3532 183 3566 ⁸¹
198 3548 248 3580 rum
255 3526 379 3588 lacrima]
413 3529 468 3576 Mn.
481 3527 572 3576 Gruteri
589 3541 606 3574 r.
617 3525 640 3573 J.
658 3525 729 3586 tertio,
740 3527 799 3589 quod
815 3527 912 3590 praefert
933 3513 1003 3576 Dari*-

133 3593 184 3662 rius³
194 3593 245 3653 quia
254 3591 343 3653 Jupiter
352 3589 431 3640 tertius
441 3587 543 3638 increta
551 3593 615 3638 natus
625 3585 732 3635 traditur.
