2558 4198
450 245 744 302 manumittunt.
969 254 1034 322 ³55

164 397 332 462 macenti
351 399 521 476 adjunctum
544 407 599 470 eet,
622 403 746 460 atterum
769 399 884 460 temti.
925 401 972 462 lu
995 419 1036 462 ex

162 510 296 580 quattuor
310 508 474 573 temporum
488 499 706 564 mutationibus.
723 502 862 568 omnium,
875 519 949 578 quae
960 511 1037 562 terra

162 604 292 676 marique
311 601 477 675 gignuntur,
490 599 577 656 initia
597 615 760 675 cannaeque
772 603 925 660 ducuntur.
966 604 1036 662 iam

160 702 232 762 cotie
245 715 360 758 ananus
380 713 481 754 curma
504 696 607 770 apatiie
628 698 783 756 menstrui·
797 702 866 758 tana
885 700 1037 776 conrequi-

56 811 59 816 '
160 798 330 871 tur:·cnjue
355 795 556 854 tenuissimum
571 798 668 854 tumen
687 797 758 855 tacit
781 797 929 872 proximae
941 813 1036 856 arcei-

160 915 210 956 um
231 897 268 952 ad
292 899 394 964 actem,
415 897 561 970 digreema
585 900 682 954 autem
708 897 893 970 longissimae
915 897 1035 972 quiaque

161 995 372 1072 plenissimum.
413 995 519 1070 Neque
546 995 641 1052 culum
665 995 727 1068 ejua
749 997 864 1067 species
888 1011 924 1052 ac
945 995 1036 1054 torma

161 1099 289 1154 mutatur
320 1100 381 1154 tum
414 1093 585 1161 crescendo,
610 1100 671 1152 tum
695 1093 858 1150 defectibus
890 1093 921 1151 iu
948 1094 1035 1152 initia

162 1193 345 1260 recurrendo,
369 1194 523 1252 sedetiam
542 1194 632 1267 regio,
655 1211 731 1268 qnae
754 1191 774 1224 '¹
786 1198 845 1250 tum
868 1198 912 1250 eat
925 1194 1034 1268 aquito·

161 1293 250 1360 naris,
273 1301 333 1350 tum
354 1291 495 1350 anatratia.
518 1294 554 1351 ln
579 1295 666 1354 tunae
687 1309 799 1368 quoque
823 1309 907 1350 curan
934 1299 978 1350 eat
1001 1296 1033 1352 et

160 1395 279 1452 brumae
292 1393 434 1469 quaedam
448 1397 477 1448 et
492 1392 608 1451 eotatitii
630 1393 806 1452 eimitituricr
834 1395 980 1468 multaque
994 1393 1032 1452 ab

157 1511 195 1553 ea
219 1497 339 1552 manant
362 1498 392 1550 ct
416 1491 518 1558 fluunt,
537 1492 640 1566 quibus
667 1497 698 1549 et
724 1491 890 1550 animante·
917 1493 1034 1549 utantur

159 1597 393 1668 augescantqu03
429 1597 459 1646 et
484 1593 655 1663 putrescant,
681 1588 933 1662 maturitatemque
957 1604 1033 1646 aree·

159 1697 293 1768 quantur,
315 1705 389 1764 quae
403 1689 535 1747 criuntur
553 1707 570 1746 e
591 1694 676 1746 terra.
718 1686 852 1745 Maxime
874 1703 946 1744 verc
965 1681 1082 1746 enutio

157 1789 345 1849 admirabiles
373 1795 467 1847 mutue
494 1803 593 1846 earnm
617 1787 743 1862 quinque
772 1788 930 1852 ctettarum,
958 1802 1032 1862 quae

157 1888 232 1948 satec
260 1893 403 1946 vocantur
424 1894 563 1944 errantes.
588 1887 662 1950 nihii
688 1887 768 1946 enim
791 1893 876 1956 errat,
900 1887 975 1962 quod
1000 1887 1032 1947 in

156 1987 238 2048 omni
262 1988 437 2046 aeternitate
460 1993 617 2044 conservat
640 2003 806 2063 progreacna
823 1992 854 2044 et
876 2003 1031 2062 ragrmenc,

155 2088 337 2162 reliquosque
368 2093 463 2144 mutua
491 2092 669 2154 constanter,
693 2093 724 2145 et
748 2092 836 2144 ratua.
878 2086 964 2157 Quod
993 2101 1030 2144 cc

134 2192 201 2274 leet
225 2185 426 2246 admirabilius
451 2185 483 2243 in
513 2186 687 2254 hiemettis,
711 2203 782 2261 quae
805 2184 940 2250 uicimus,
961 2184 1030 2259 quie

155 2289 217 2344 tum
237 2283 433 2350 occultantur,
446 2289 508 2342 tum
528 2301 622 2340 rureus
646 2285 822 2356 aperiuntur,
846 2281 940 2342 “tum
962 2285 1030 2342 ade·

156 2387 219 2446 unt,
235 2389 296 2438 tum
317 2383 467 2445 recedunt,
482 2386 542 2438 turn
566 2377 754 2448 antecedunt,
774 2388 836 2440 tum
854 2386 1029 2460 subsequun·

159 2483 214 2545 tur,
235 2484 295 2534 tum
315 2475 441 2534 celerius
461 2473 625 2544 moventur,
652 2481 714 2534 tum
746 2480 864 2546 tardius,
890 2487 950 2539 tum
970 2499 1029 2543 om·

156 2575 230 2635 nino
261 2593 299 2633 ne
333 2580 490 2632 moventur
523 2575 652 2649 quidem,
690 2577 741 2634 aed
775 2575 847 2634 “ad
886 2581 1029 2652 quoddam

156 2680 270 2749 tempus
297 2674 446 2734 insistunt.
489 2673 616 2747 Quarum
645 2693 684 2734 cx
705 2676 868 2750 disparibus
897 2677 1030 2736 motioni·

155 2776 208 2835 bne
240 2791 376 2849 magnum
415 2791 524 2832 annum
560 2775 760 2833 mathematici
792 2777 1029 2847 nominaverunt,

155 2874 205 2952 qui
242 2880 302 2933 tum
336 2874 469 2943 efficitur,
495 2889 563 2932 cnm
594 2875 676 2942 sctis,
704 2881 735 2932 ct
762 2876 857 2944 lunae,
890 2883 920 2934 et
947 2877 1029 2953 quin·

155 2993 211 3054 que
245 2977 404 3034 errantium
438 2977 475 3034 ad
502 2977 626 3036 eandam
663 2977 743 3036 inter
772 2996 804 3036 ae
837 2982 1028 3057 comparatic-

183 3129 206 3164 ⁰⁴
223 3135 271 3178 tum
280 3132 523 3193 crtucuilcaariaium
542 3134 658 3196 curtrclic]
682 3113 821 3195 aquilonarii
835 3136 905 3183 vein
936 3135 1029 3184 runata

153 3190 290 3238 omneredd.
303 3199 358 3238 vett.
378 3192 476 3256 itemque
493 3193 552 3242 Mac,
588 3195 670 3242 uidam.
689 3195 757 3300 idgue
774 3193 868 3242 reatitui.
918 3196 1028 3243 .Grcno·

154 3249 205 3294 vim
216 3261 243 3294 ex
255 3247 311 3296 Mic
324 3247 415 3298 Gruteri
432 3252 517 3316 recepit
532 3255 653 3314 amaricata,
664 3269 708 3316 quc
742 3253 835 3301 aurtrnli
852 3267 895 3302 ncn
911 3254 1028 3300 commoda

94 3351 97 3355 .
154 3305 283 3368 opponitur.

184 3385 206 3417 ⁶⁵
221 3389 270 3455 ium
279 3387 368 3445 adeum,
380 3393 429 3438 tura
442 3390 559 3452 recedunt]
579 3389 638 3438 male
650 3390 717 3449 vulgo
727 3395 761 3437 ert
770 3389 858 3436 uieuct.
877 3387 935 3435 illud
944 3387 967 3435 in
978 3389 1026 3440 Ma

155 3450 240 3504 repent
250 3445 349 3493 Ursinus.
1020 3456 1024 3463 '

183 3521 206 3553 ⁶⁰
221 3522 369 3582 numidam
387 3529 472 3582 tempus
486 3525 603 3588 inaniunt]
623 3539 669 3573 non
680 3540 705 3572 ra
720 3539 782 3583 vera,
800 3525 838 3572 red
850 3525 909 3587 quod
918 3525 1027 3589 adspectu

154 3580 295 3650 enatdireraia
304 3585 441 3644 temporibus
450 3585 480 3629 ad
499 3585 594 3634 eundem
604 3585 663 3634 coeli
678 3585 752 3635 locunt
768 3586 893 3649 referiunt,
905 3584 927 3634 in
937 3600 966 3635 ec
975 3589 1026 3648 etius

149 3643 235 3694 *actua
245 3643 425 3704 neemanim
434 3642 546 3694 videntur.
