2552 4208
479 319 743 374 numantinus.
998 329 1062 393 m

189 473 268 543 tiam,
288 475 470 549 eandemque
489 473 677 532 dementiam.
700 485 740 532 ex
759 487 818 548 quo
836 471 1063 549 intelligendum

188 580 242 644 est,
256 594 317 645 eos,
331 577 380 652 qui
403 576 479 633 haec
499 575 584 632 rebus
598 575 717 634 nomina
738 572 913 650 protuerunt,
934 575 1062 632 censure

187 675 244 733 lroc
256 676 344 744 idern,
362 675 439 750 quod
453 693 471 732 a
492 675 614 733 Socrate
628 678 781 748 acceptum
794 672 951 748 diligenter
965 671 1063 732 Stoici

186 775 379 844 retinuerunt,
404 791 506 832 omnes
530 773 703 849 insipientes
723 791 788 832 esse
809 789 868 832 non
892 788 989 831 sanos.
1010 769 1063 848 qui

187 875 267 930 enim
280 875 394 932 animus
407 880 452 932 est
463 875 494 932 iu
508 874 607 950 aliquo
620 876 721 933 morbo
741 870 869 950 (morbos
884 877 992 939 autem,
1006 872 1062 928 lror

187 974 365 1046 perturbatos
377 981 482 1044 motus,
494 979 527 1034 ui
541 976 629 1033 modo
636 973 709 1041 dixi,
719 969 886 1046 philosophi
896 966 1062 1047 appellant)

186 1088 246 1129 uon
260 1073 352 1146 magis
366 1080 410 1132 est
422 1092 521 1141 sanus,
535 1091 620 1149 quam
639 1073 670 1130 id
684 1088 796 1145 corpus,
810 1070 886 1144 quod
906 1069 939 1124 in
959 1069 1063 1125 morbo

187 1177 241 1229 est.
252 1171 294 1229 ita
307 1174 351 1241 lit,
364 1177 395 1230 ut
408 1173 561 1246 sapientia,
575 1172 685 1231 sanitas
696 1170 735 1228 sit
749 1169 859 1226 animi:
889 1164 1061 1240 insipientia

185 1276 293 1340 autem,
307 1272 389 1346 quasi
401 1269 422 1304 ¹⁵
435 1272 577 1330 insanitas
591 1272 742 1347 quaedam,
757 1267 844 1346 [quae
863 1261 1060 1342 estinsauia,1

185 1371 345 1445 eademque
356 1371 514 1428 dementia.
525 1373 671 1445 multoque
682 1369 786 1427 melius
795 1369 869 1424 haee
881 1370 981 1424 notata
990 1368 1060 1422 suut

186 1469 285 1524 verbis
309 1468 435 1535 Latinis,
462 1485 548 1543 quam
575 1469 717 1525 Graecis:
748 1467 824 1542 quod
858 1465 924 1522 aliis
944 1481 1060 1539 quoque

187 1565 287 1624 multis
310 1567 384 1623 locis
411 1566 578 1640 reperietur.
603 1568 655 1623 sed
685 1566 715 1622 id
740 1565 830 1621 alias:
864 1579 953 1631 nunc,
980 1563 1060 1637 quod

186 1662 286 1721 instat.
328 1665 439 1722 'Potum
460 1665 551 1740 igitur
576 1663 616 1732 id,
636 1665 711 1738 quod
739 1662 912 1736 quaerimus,
936 1661 1060 1735 quidet

186 1764 271 1837 quale
284 1762 331 1830 sit,
357 1765 440 1822 verbi
464 1765 510 1822 vis
531 1763 594 1838 ipsa
616 1763 755 1820 declarat.
776 1758 857 1817 ¹⁶e0s
879 1759 958 1816 enim
972 1777 1060 1816 sanos

186 1862 323 1935 quoniam
350 1861 477 1939 intelligi
499 1879 620 1920 necesse
645 1867 698 1930 est,
721 1877 841 1938 quorum
863 1876 946 1918 meus
968 1865 1059 1926 motu,

184 1960 265 2036 qussi
280 1963 388 2030 morbo,
412 1964 577 2036 perturbata
597 1963 677 2020 nullo
691 1961 738 2019 sit.
758 1960 808 2036 qui
832 1964 934 2018 contra
958 1955 1060 2016 affecti

183 2067 259 2128 sunt,
273 2061 327 2120 hos
347 2062 466 2121 insanos
479 2061 621 2137 appellari
641 2079 764 2120 necesse
784 2065 837 2118 est.
861 2058 959 2134 itaque
981 2057 1060 2116 nihil

183 2155 295 2232 melius,
323 2179 408 2237 qnam
436 2163 511 2238 quod
539 2167 585 2220 est
618 2160 650 2219 in
677 2159 891 2220 consuetudine
914 2156 1060 2216 sermonis

137 2327 144 2336 ⁸
184 2259 294 2327 Latini,
319 2277 386 2318 cum
413 2263 511 2318 exisse
539 2279 577 2318 ex
606 2267 749 2333 potestate
770 2260 895 2317 dicimus
923 2275 983 2324 eos,
1006 2255 1056 2330 qui

183 2361 315 2415 effrenati
331 2361 459 2415 seruntur
472 2363 523 2414 aut
546 2353 680 2424 libidine,
700 2363 750 2414 aut
773 2357 932 2414 iracundia.
958 2371 1058 2431 quam-⁴

185 2553 262 2610 nitur
276 2553 434 2620 iracundia,
449 2554 610 2610 ulciscendi
632 2555 731 2612 linias.
775 2555 833 2626 Qui
854 2554 942 2628 igitur
957 2553 1054 2610 exisse

185 2669 222 2708 ex
248 2655 391 2725 potestate
419 2653 564 2720 dicuntur,
591 2653 703 2710 idcireo
730 2654 875 2719 dicuntur,
899 2651 967 2727 quia
995 2669 1056 2708 nou

183 2757 250 2808 sunt
275 2751 306 2808 in
321 2753 465 2824 potestate
480 2751 602 2807 mentis:
632 2753 680 2809 cui
696 2769 815 2825 regnum
830 2750 917 2807 totius
932 2750 1023 2806 animi
1037 2769 1055 2807 a

183 2857 285 2908 natura
312 2851 449 2908 tributum
477 2854 531 2906 est.
573 2851 682 2908 Graeci
708 2855 804 2906 autem
829 2872 919 2917 paveas
945 2833 1057 2932 ¹¹¹umle¹

184 2949 343 3024 appellent,
358 2967 417 3006 nou
432 2948 519 3006 lacile
533 2949 668 3006 dixerim.
689 2965 754 3006 eam
772 2953 869 3006 tamen
891 2947 984 3022 ipsam
998 2949 1055 3007 alis·

214 3111 234 3146 ¹⁵
248 3093 482 3172 ἰπεαηίἰιιε«μιαιιὶιιηι,Ι
491 3126 545 3172 qaae
556 3112 694 3175 estimonio]
713 3111 793 3160 ultima
810 3125 948 3174 supervacua
965 3116 1016 3162 runt
1031 3117 1055 3160 rt

184 3171 260 3231 inepta
272 3187 312 3217 nec
322 3173 369 3218 nllo
379 3173 448 3220 modo
458 3188 471 3217 a
481 3172 597 3218 Cicerone..
609 3173 686 3219 inclusi
697 3173 764 3220 uncis.

214 3249 234 3282 ¹⁰
249 3265 282 3297 sos
292 3251 351 3298 enim
361 3265 423 3298 aanor
432 3252 561 3312 quantumi.
573 3267 589 3299 n
609 3252 638 3313 a]
661 3253 766 3313 quoniam
782 3253 862 3301 eona.
879 3255 978 3302 additum
989 3261 1023 3303 ert
1040 3269 1055 3302 ι

185 3307 294 3356 Davisio:
314 3317 381 3370 atque
391 3311 412 3356 id
424 3327 490 3358 nexos
500 3311 606 3357 orationis
616 3312 716 3373 requirit,
726 3319 806 3374 estque
818 3313 885 3360 etiarn
896 3315 918 3360 in
928 3315 1002 3362 Gueli.
1014 3313 1054 3364 ard

185 3383 227 3430 pro
236 3369 336 3440 intrlligt
346 3385 428 3416 necesse
438 3374 469 3416 sat
482 3371 540 3416 iorte
558 3372 676 3430 legendnm
686 3371 843 3430 intelligimus.
856 3389 907 3419 nam
925 3388 1008 3422 necem
1024 3377 1055 3422 ssi

183 3428 212 3474 ad
222 3428 384 3474 conclusionem
394 3434 417 3475 et
427 3443 562 3491 consequens
572 3431 676 3492 pertinet,
687 3433 745 3478 uude
756 3433 797 3478 lruc
808 3433 927 3493 repetitum
938 3433 1033 3482 videtur.

213 3507 234 3539 ¹⁷
249 3508 444 3572 carismatum]
476 3508 552 3568 Vulgo
568 3511 627 3556 male
636 3512 755 3570 appellunt,
770 3517 795 3558 nt
806 3513 862 3558 vidit
880 3519 904 3560 et
925 3504 1054 3564 Lambinus}

166 3599 168 3606 s
183 3563 315 3613 Latinitatis
326 3569 385 3613 ratio
394 3569 503 3624 appellarat
513 3567 619 3630 postulat,
636 3575 662 3616 ut
680 3570 716 3618 vel
733 3570 778 3618 tiro
796 3573 884 3622 sentiat.
896 3579 964 3638 atque
981 3577 1012 3622 aia
1030 3581 1055 3622 at

183 3623 251 3671 labet
263 3625 308 3672 Mt.
320 3623 395 3673 ssusii.
