<?xml version="1.0" encoding="UTF-8"?>
<!DOCTYPE html PUBLIC "-//W3C//DTD XHTML 1.0 Transitional//EN"
    "http://www.w3.org/TR/xhtml1/DTD/xhtml1-transitional.dtd">
<html xmlns="http://www.w3.org/1999/xhtml" xml:lang="en" lang="en">
 <head>
  <title>
</title>
<meta http-equiv="Content-Type" content="text/html;charset=utf-8" />
  <meta name='ocr-system' content='tesseract 3.04.00' />
  <meta name='ocr-capabilities' content='ocr_page ocr_carea ocr_par ocr_line ocrx_word'/>
</head>
<body>
  <div class='ocr_page' id='page_1' title='image "./mtvlliiciceroni11cicegoog/mtvlliiciceroni11cicegoog_0126.png"; bbox 0 0 2552 4208; ppageno 0'>
   <div class='ocr_carea' id='block_1_1' title="bbox 515 278 1085 356">
    <p class='ocr_par' dir='ltr' id='par_1_1' title="bbox 515 278 1085 356">
     <span class='ocr_line' id='line_1_1' title="bbox 515 278 1085 356; baseline 0.042 -22"><span class='ocrx_word' id='word_1_1' title='bbox 515 279 615 334; x_wconf 75' lang='lat' dir='ltr'><strong>utana</strong></span> <span class='ocrx_word' id='word_1_2' title='bbox 629 278 778 336; x_wconf 78' lang='lat' dir='ltr'><strong>natamus.</strong></span> <span class='ocrx_word' id='word_1_3' title='bbox 1026 289 1085 356; x_wconf 76' lang='lat' dir='ltr'><strong>llt&#39;t</strong></span> 
     </span>
    </p>
   </div>
   <div class='ocr_carea' id='block_1_2' title="bbox 215 428 1087 710">
    <p class='ocr_par' dir='ltr' id='par_1_2' title="bbox 215 428 1087 710">
     <span class='ocr_line' id='line_1_2' title="bbox 215 428 1087 514; baseline 0.007 -24"><span class='ocrx_word' id='word_1_4' title='bbox 215 428 311 506; x_wconf 74' lang='lat' dir='ltr'><strong>ipsam</strong></span> <span class='ocrx_word' id='word_1_5' title='bbox 323 430 503 492; x_wconf 72' lang='lat' dir='ltr'><strong>medicinam</strong></span> <span class='ocrx_word' id='word_1_6' title='bbox 515 434 645 508; x_wconf 80' lang='lat' dir='ltr'><strong>eorporis</strong></span> <span class='ocrx_word' id='word_1_7' title='bbox 659 433 771 492; x_wconf 87' lang='lat' dir='ltr'><strong>animus</strong></span> <span class='ocrx_word' id='word_1_8' title='bbox 794 432 950 504; x_wconf 75' lang='lat' dir='ltr'><strong>invenerit,</strong></span> <span class='ocrx_word' id='word_1_9' title='bbox 963 444 1087 514; x_wconf 81' lang='lat' dir='ltr'><strong>eumque</strong></span> 
     </span>
     <span class='ocr_line' id='line_1_3' title="bbox 217 533 1087 611; baseline 0.008 -22"><span class='ocrx_word' id='word_1_10' title='bbox 217 533 255 589; x_wconf 91' lang='lat' dir='ltr'><strong>ad</strong></span> <span class='ocrx_word' id='word_1_11' title='bbox 275 549 427 606; x_wconf 80' lang='lat' dir='ltr'><strong>eorpomm</strong></span> <span class='ocrx_word' id='word_1_12' title='bbox 453 533 637 592; x_wconf 72' lang='lat' dir='ltr'><strong>sanationem</strong></span> <span class='ocrx_word' id='word_1_13' title='bbox 663 536 784 594; x_wconf 86' lang='lat' dir='ltr'><strong>muttum</strong></span> <span class='ocrx_word' id='word_1_14' title='bbox 811 534 875 609; x_wconf 86' lang='lat' dir='ltr'><strong>ipsa</strong></span> <span class='ocrx_word' id='word_1_15' title='bbox 898 553 1028 611; x_wconf 78' lang='lat' dir='ltr'><strong>corpora,</strong></span> <span class='ocrx_word' id='word_1_16' title='bbox 1056 543 1087 596; x_wconf 85' lang='lat' dir='ltr'><strong>et</strong></span> 
     </span>
     <span class='ocr_line' id='line_1_4' title="bbox 215 632 1087 710; baseline 0.008 -22"><span class='ocrx_word' id='word_1_17' title='bbox 215 636 319 690; x_wconf 81' lang='lat' dir='ltr'><strong>natum</strong></span> <span class='ocrx_word' id='word_1_18' title='bbox 334 632 463 700; x_wconf 82' lang='lat' dir='ltr'><strong>valeant,</strong></span> <span class='ocrx_word' id='word_1_19' title='bbox 477 650 533 691; x_wconf 87' lang='lat' dir='ltr'><strong>nee</strong></span> <span class='ocrx_word' id='word_1_20' title='bbox 546 651 659 702; x_wconf 89' lang='lat' dir='ltr'><strong>omues,</strong></span> <span class='ocrx_word' id='word_1_21' title='bbox 680 635 729 709; x_wconf 90' lang='lat' dir='ltr'><strong>qui</strong></span> <span class='ocrx_word' id='word_1_22' title='bbox 748 635 843 692; x_wconf 82' lang='lat' dir='ltr'><strong>eurari</strong></span> <span class='ocrx_word' id='word_1_23' title='bbox 867 653 899 694; x_wconf 82' lang='lat' dir='ltr'><strong>ee</strong></span> <span class='ocrx_word' id='word_1_24' title='bbox 913 637 989 710; x_wconf 84' lang='lat' dir='ltr'><strong>paesi</strong></span> <span class='ocrx_word' id='word_1_25' title='bbox 1009 640 1087 706; x_wconf 89' lang='lat' dir='ltr'><strong>suut,</strong></span> 
     </span>
    </p>
   </div>
   <div class='ocr_carea' id='block_1_3' title="bbox 211 731 1113 3290">
    <p class='ocr_par' dir='ltr' id='par_1_3' title="bbox 211 731 1089 2483">
     <span class='ocr_line' id='line_1_5' title="bbox 216 731 1087 812; baseline 0.007 -24"><span class='ocrx_word' id='word_1_26' title='bbox 216 731 359 789; x_wconf 74' lang='lat' dir='ltr'><strong>continuo</strong></span> <span class='ocrx_word' id='word_1_27' title='bbox 391 731 481 792; x_wconf 84' lang='lat' dir='ltr'><strong>etiam</strong></span> <span class='ocrx_word' id='word_1_28' title='bbox 504 736 734 792; x_wconf 84' lang='lat' dir='ltr'><strong>eonvateeeant:</strong></span> <span class='ocrx_word' id='word_1_29' title='bbox 768 733 858 792; x_wconf 88' lang='lat' dir='ltr'><strong>animi</strong></span> <span class='ocrx_word' id='word_1_30' title='bbox 894 741 1003 803; x_wconf 82' lang='lat' dir='ltr'><strong>nutem,</strong></span> <span class='ocrx_word' id='word_1_31' title='bbox 1037 737 1087 812; x_wconf 89' lang='lat' dir='ltr'><strong>qui</strong></span> 
     </span>
     <span class='ocr_line' id='line_1_6' title="bbox 215 831 1089 909; baseline 0.007 -21"><span class='ocrx_word' id='word_1_32' title='bbox 215 831 314 889; x_wconf 80' lang='lat' dir='ltr'><strong>senari</strong></span> <span class='ocrx_word' id='word_1_33' title='bbox 329 833 483 901; x_wconf 81' lang='lat' dir='ltr'><strong>vetuerint,</strong></span> <span class='ocrx_word' id='word_1_34' title='bbox 495 835 714 909; x_wconf 73' lang='lat' dir='ltr'>praeceptisque</span> <span class='ocrx_word' id='word_1_35' title='bbox 735 833 910 908; x_wconf 76' lang='lat' dir='ltr'><strong>sapientiam</strong></span> <span class='ocrx_word' id='word_1_36' title='bbox 932 835 1089 908; x_wconf 79' lang='lat' dir='ltr'><strong>paruerint,</strong></span> 
     </span>
     <span class='ocr_line' id='line_1_7' title="bbox 214 930 1088 1008; baseline 0.006 -20"><span class='ocrx_word' id='word_1_37' title='bbox 214 930 281 988; x_wconf 85' lang='lat' dir='ltr'><strong>sine</strong></span> <span class='ocrx_word' id='word_1_38' title='bbox 303 931 360 990; x_wconf 86' lang='lat' dir='ltr'><strong>utta</strong></span> <span class='ocrx_word' id='word_1_39' title='bbox 373 932 556 992; x_wconf 83' lang='lat' dir='ltr'><strong>dubitatione</strong></span> <span class='ocrx_word' id='word_1_40' title='bbox 575 931 738 994; x_wconf 78' lang='lat' dir='ltr'><strong>sanentur?</strong></span> <span class='ocrx_word' id='word_1_41' title='bbox 774 935 827 992; x_wconf 82' lang='lat' dir='ltr'><strong>Est</strong></span> <span class='ocrx_word' id='word_1_42' title='bbox 849 935 977 1008; x_wconf 77' lang='lat' dir='ltr'><strong>proiecto</strong></span> <span class='ocrx_word' id='word_1_43' title='bbox 997 935 1088 993; x_wconf 87' lang='lat' dir='ltr'><strong>animi</strong></span> 
     </span>
     <span class='ocr_line' id='line_1_8' title="bbox 216 1031 1088 1110; baseline 0.001 -21"><span class='ocrx_word' id='word_1_44' title='bbox 216 1031 373 1103; x_wconf 83' lang='lat' dir='ltr'><strong>medietas,</strong></span> <span class='ocrx_word' id='word_1_45' title='bbox 382 1035 576 1110; x_wconf 71' lang='lat' dir='ltr'><strong>philosophiae</strong></span> <span class='ocrx_word' id='word_1_46' title='bbox 587 1034 820 1110; x_wconf 74' lang='lat' dir='ltr'><strong>unjuaauaitium</strong></span> <span class='ocrx_word' id='word_1_47' title='bbox 831 1038 938 1101; x_wconf 90' lang='lat' dir='ltr'><strong>uon,ut</strong></span> <span class='ocrx_word' id='word_1_48' title='bbox 948 1035 977 1091; x_wconf 90' lang='lat' dir='ltr'><strong>iu</strong></span> <span class='ocrx_word' id='word_1_49' title='bbox 988 1047 1088 1109; x_wconf 83' lang='lat' dir='ltr'><strong>eorpu-</strong></span> 
     </span>
     <span class='ocr_line' id='line_1_9' title="bbox 216 1131 1089 1207; baseline 0.002 -18"><span class='ocrx_word' id='word_1_50' title='bbox 216 1131 256 1189; x_wconf 84' lang='lat' dir='ltr'><strong>nis</strong></span> <span class='ocrx_word' id='word_1_51' title='bbox 271 1133 388 1201; x_wconf 78' lang='lat' dir='ltr'><strong>morbis,</strong></span> <span class='ocrx_word' id='word_1_52' title='bbox 415 1138 572 1207; x_wconf 85' lang='lat' dir='ltr'><strong>petendum</strong></span> <span class='ocrx_word' id='word_1_53' title='bbox 593 1141 638 1194; x_wconf 86' lang='lat' dir='ltr'><strong>est</strong></span> <span class='ocrx_word' id='word_1_54' title='bbox 659 1133 744 1192; x_wconf 85' lang='lat' dir='ltr'><strong>ioris:</strong></span> <span class='ocrx_word' id='word_1_55' title='bbox 769 1131 960 1207; x_wconf 76' lang='lat' dir='ltr'><strong>omnibusque</strong></span> <span class='ocrx_word' id='word_1_56' title='bbox 976 1133 1089 1206; x_wconf 79' lang='lat' dir='ltr'><strong>opibus,</strong></span> 
     </span>
     <span class='ocr_line' id='line_1_10' title="bbox 216 1230 1087 1308; baseline 0 -18"><span class='ocrx_word' id='word_1_57' title='bbox 216 1230 337 1296; x_wconf 78' lang='lat' dir='ltr'><strong>viribus.</strong></span> <span class='ocrx_word' id='word_1_58' title='bbox 350 1239 382 1290; x_wconf 89' lang='lat' dir='ltr'><strong>ut</strong></span> <span class='ocrx_word' id='word_1_59' title='bbox 396 1234 564 1308; x_wconf 68' lang='lat' dir='ltr'><strong>nosmetipsi</strong></span> <span class='ocrx_word' id='word_1_60' title='bbox 578 1235 663 1292; x_wconf 89' lang='lat' dir='ltr'><strong>nobis</strong></span> <span class='ocrx_word' id='word_1_61' title='bbox 683 1232 792 1292; x_wconf 77' lang='lat' dir='ltr'><strong>mederi</strong></span> <span class='ocrx_word' id='word_1_62' title='bbox 815 1232 967 1304; x_wconf 84' lang='lat' dir='ltr'><strong>possimus,</strong></span> <span class='ocrx_word' id='word_1_63' title='bbox 991 1234 1087 1290; x_wconf 85' lang='lat' dir='ltr'><strong>etaba-</strong></span> 
     </span>
     <span class='ocr_line' id='line_1_11' title="bbox 215 1331 1088 1407; baseline -0.002 -15"><span class='ocrx_word' id='word_1_64' title='bbox 215 1335 339 1392; x_wconf 77' lang='lat' dir='ltr'><strong>nandum</strong></span> <span class='ocrx_word' id='word_1_65' title='bbox 348 1337 403 1390; x_wconf 87' lang='lat' dir='ltr'><strong>est.</strong></span> <span class='ocrx_word' id='word_1_66' title='bbox 413 1349 583 1407; x_wconf 85' lang='lat' dir='ltr'><strong>quamquam</strong></span> <span class='ocrx_word' id='word_1_67' title='bbox 595 1335 631 1390; x_wconf 90' lang='lat' dir='ltr'><strong>de</strong></span> <span class='ocrx_word' id='word_1_68' title='bbox 641 1333 777 1390; x_wconf 80' lang='lat' dir='ltr'><strong>universa</strong></span> <span class='ocrx_word' id='word_1_69' title='bbox 792 1331 984 1406; x_wconf 80' lang='lat' dir='ltr'><strong>phitosophia,</strong></span> <span class='ocrx_word' id='word_1_70' title='bbox 998 1349 1088 1406; x_wconf 86' lang='lat' dir='ltr'><strong>quan·</strong></span> 
     </span>
     <span class='ocr_line' id='line_1_12' title="bbox 215 1430 1087 1506; baseline -0.003 -15"><span class='ocrx_word' id='word_1_71' title='bbox 215 1438 317 1506; x_wconf 81' lang='lat' dir='ltr'><strong>topsaa</strong></span> <span class='ocrx_word' id='word_1_72' title='bbox 330 1434 495 1505; x_wconf 79' lang='lat' dir='ltr'><strong>expetenda</strong></span> <span class='ocrx_word' id='word_1_73' title='bbox 509 1439 596 1498; x_wconf 81' lang='lat' dir='ltr'><strong>esset,</strong></span> <span class='ocrx_word' id='word_1_74' title='bbox 609 1440 638 1490; x_wconf 90' lang='lat' dir='ltr'><strong>et</strong></span> <span class='ocrx_word' id='word_1_75' title='bbox 652 1433 787 1497; x_wconf 83' lang='lat' dir='ltr'><strong>unienda,</strong></span> <span class='ocrx_word' id='word_1_76' title='bbox 807 1430 889 1496; x_wconf 84' lang='lat' dir='ltr'><strong>satis,</strong></span> <span class='ocrx_word' id='word_1_77' title='bbox 904 1434 934 1488; x_wconf 93' lang='lat' dir='ltr'><strong>ut</strong></span> <span class='ocrx_word' id='word_1_78' title='bbox 956 1431 1087 1500; x_wconf 80' lang='lat' dir='ltr'><strong>arbitret,</strong></span> 
     </span>
     <span class='ocr_line' id='line_1_13' title="bbox 214 1528 1086 1589; baseline -0.002 -1"><span class='ocrx_word' id='word_1_79' title='bbox 214 1532 328 1589; x_wconf 84' lang='lat' dir='ltr'><strong>dietum</strong></span> <span class='ocrx_word' id='word_1_80' title='bbox 338 1531 423 1588; x_wconf 86' lang='lat' dir='ltr'><strong>estin</strong></span> <span class='ocrx_word' id='word_1_81' title='bbox 436 1531 602 1588; x_wconf 82' lang='lat' dir='ltr'><strong>Hortensio.</strong></span> <span class='ocrx_word' id='word_1_82' title='bbox 611 1533 648 1586; x_wconf 88' lang='lat' dir='ltr'><strong>de</strong></span> <span class='ocrx_word' id='word_1_83' title='bbox 658 1530 792 1586; x_wconf 80' lang='lat' dir='ltr'><strong>maximis</strong></span> <span class='ocrx_word' id='word_1_84' title='bbox 803 1535 900 1586; x_wconf 87' lang='lat' dir='ltr'><strong>autem</strong></span> <span class='ocrx_word' id='word_1_85' title='bbox 911 1531 996 1586; x_wconf 87' lang='lat' dir='ltr'><strong>rebus</strong></span> <span class='ocrx_word' id='word_1_86' title='bbox 1013 1528 1086 1587; x_wconf 87' lang='lat' dir='ltr'><strong>nihii</strong></span> 
     </span>
     <span class='ocr_line' id='line_1_14' title="bbox 211 1617 1085 1702; baseline 0 -16"><span class='ocrx_word' id='word_1_87' title='bbox 211 1617 276 1687; x_wconf 70' lang='lat' dir='ltr'><strong>&#39;tene</strong></span> <span class='ocrx_word' id='word_1_88' title='bbox 290 1629 497 1687; x_wconf 70' lang='lat' dir='ltr'><strong>intermisimus</strong></span> <span class='ocrx_word' id='word_1_89' title='bbox 512 1635 613 1702; x_wconf 85' lang='lat' dir='ltr'><strong>postea</strong></span> <span class='ocrx_word' id='word_1_90' title='bbox 632 1644 688 1684; x_wconf 85' lang='lat' dir='ltr'><strong>neu</strong></span> <span class='ocrx_word' id='word_1_91' title='bbox 701 1627 857 1700; x_wconf 83' lang='lat' dir='ltr'><strong>disputare,</strong></span> <span class='ocrx_word' id='word_1_92' title='bbox 874 1643 929 1684; x_wconf 82' lang='lat' dir='ltr'><strong>nae</strong></span> <span class='ocrx_word' id='word_1_93' title='bbox 948 1627 1085 1686; x_wconf 81' lang='lat' dir='ltr'><strong>seribere.</strong></span> 
     </span>
     <span class='ocr_line' id='line_1_15' title="bbox 216 1713 1086 1800; baseline -0.001 -13"><span class='ocrx_word' id='word_1_94' title='bbox 216 1713 374 1788; x_wconf 67' lang='lat' dir='ltr'><strong>iais&#39;autem</strong></span> <span class='ocrx_word' id='word_1_95' title='bbox 399 1729 479 1786; x_wconf 80' lang='lat' dir='ltr'><strong>libais</strong></span> <span class='ocrx_word' id='word_1_96' title='bbox 493 1725 628 1800; x_wconf 81' lang='lat' dir='ltr'><strong>exposita</strong></span> <span class='ocrx_word' id='word_1_97' title='bbox 646 1731 713 1784; x_wconf 85' lang='lat' dir='ltr'><strong>eunt</strong></span> <span class='ocrx_word' id='word_1_98' title='bbox 735 1743 781 1792; x_wconf 88' lang='lat' dir='ltr'><strong>ea,</strong></span> <span class='ocrx_word' id='word_1_99' title='bbox 794 1743 868 1800; x_wconf 85' lang='lat' dir='ltr'><strong>quae</strong></span> <span class='ocrx_word' id='word_1_100' title='bbox 891 1726 1006 1783; x_wconf 87' lang='lat' dir='ltr'><strong>anobis</strong></span> <span class='ocrx_word' id='word_1_101' title='bbox 1019 1727 1086 1786; x_wconf 82' lang='lat' dir='ltr'><strong>euni</strong></span> 
     </span>
     <span class='ocr_line' id='line_1_16' title="bbox 213 1825 1086 1900; baseline 0 -14"><span class='ocrx_word' id='word_1_102' title='bbox 213 1828 404 1887; x_wconf 80' lang='lat' dir='ltr'><strong>inmitiaribus</strong></span> <span class='ocrx_word' id='word_1_103' title='bbox 415 1827 559 1887; x_wconf 84' lang='lat' dir='ltr'><strong>nostrisin</strong></span> <span class='ocrx_word' id='word_1_104' title='bbox 572 1828 744 1884; x_wconf 78' lang='lat' dir='ltr'><strong>&#39;I&#39;useutano</strong></span> <span class='ocrx_word' id='word_1_105' title='bbox 755 1825 1002 1900; x_wconf 81' lang='lat' dir='ltr'><strong>erantdieputata.</strong></span> <span class='ocrx_word' id='word_1_106' title='bbox 1026 1827 1086 1886; x_wconf 81' lang='lat' dir='ltr'><strong>Sed</strong></span> 
     </span>
     <span class='ocr_line' id='line_1_17' title="bbox 214 1925 1085 2004; baseline 0.001 -18"><span class='ocrx_word' id='word_1_107' title='bbox 214 1929 351 2004; x_wconf 86' lang='lat' dir='ltr'><strong>quonium</strong></span> <span class='ocrx_word' id='word_1_108' title='bbox 372 1931 482 1986; x_wconf 89' lang='lat' dir='ltr'><strong>duobus</strong></span> <span class='ocrx_word' id='word_1_109' title='bbox 495 1926 698 2000; x_wconf 74' lang='lat' dir='ltr'><strong>superioribus,</strong></span> <span class='ocrx_word' id='word_1_110' title='bbox 712 1925 750 1982; x_wconf 84' lang='lat' dir='ltr'><strong>de</strong></span> <span class='ocrx_word' id='word_1_111' title='bbox 765 1931 867 1994; x_wconf 82' lang='lat' dir='ltr'><strong>morta,</strong></span> <span class='ocrx_word' id='word_1_112' title='bbox 885 1931 915 1984; x_wconf 89' lang='lat' dir='ltr'><strong>et</strong></span> <span class='ocrx_word' id='word_1_113' title='bbox 933 1927 971 1984; x_wconf 92' lang='lat' dir='ltr'><strong>de</strong></span> <span class='ocrx_word' id='word_1_114' title='bbox 985 1927 1085 1987; x_wconf 68' lang='lat' dir='ltr'><strong>dotare</strong></span> 
     </span>
     <span class='ocr_line' id='line_1_18' title="bbox 214 2025 1085 2099; baseline 0 -14"><span class='ocrx_word' id='word_1_115' title='bbox 214 2029 326 2086; x_wconf 86' lang='lat' dir='ltr'><strong>dietum</strong></span> <span class='ocrx_word' id='word_1_116' title='bbox 353 2034 406 2093; x_wconf 87' lang='lat' dir='ltr'><strong>est,</strong></span> <span class='ocrx_word' id='word_1_117' title='bbox 431 2028 531 2086; x_wconf 80' lang='lat' dir='ltr'><strong>tentius</strong></span> <span class='ocrx_word' id='word_1_118' title='bbox 557 2027 620 2084; x_wconf 87' lang='lat' dir='ltr'><strong>dies</strong></span> <span class='ocrx_word' id='word_1_119' title='bbox 652 2025 859 2099; x_wconf 73' lang='lat' dir='ltr'><strong>disputationis</strong></span> <span class='ocrx_word' id='word_1_120' title='bbox 882 2027 940 2084; x_wconf 85' lang='lat' dir='ltr'><strong>hue</strong></span> <span class='ocrx_word' id='word_1_121' title='bbox 969 2027 1085 2085; x_wconf 79' lang='lat' dir='ltr'><strong>tertium</strong></span> 
     </span>
     <span class='ocr_line' id='line_1_19' title="bbox 215 2125 1084 2188; baseline -0.001 -3"><span class='ocrx_word' id='word_1_122' title='bbox 215 2131 352 2186; x_wconf 81' lang='lat' dir='ltr'><strong>volumen</strong></span> <span class='ocrx_word' id='word_1_123' title='bbox 374 2128 488 2188; x_wconf 79' lang='lat' dir='ltr'><strong>adiciet.</strong></span> <span class='ocrx_word' id='word_1_124' title='bbox 531 2127 574 2186; x_wconf 90' lang='lat' dir='ltr'><strong>Ut</strong></span> <span class='ocrx_word' id='word_1_125' title='bbox 587 2125 667 2184; x_wconf 89' lang='lat' dir='ltr'><strong>enim</strong></span> <span class='ocrx_word' id='word_1_126' title='bbox 688 2125 719 2182; x_wconf 87' lang='lat' dir='ltr'><strong>in</strong></span> <span class='ocrx_word' id='word_1_127' title='bbox 748 2125 941 2184; x_wconf 78' lang='lat' dir='ltr'><strong>Academiam</strong></span> <span class='ocrx_word' id='word_1_128' title='bbox 956 2133 1084 2184; x_wconf 81' lang='lat' dir='ltr'><strong>nostram</strong></span> 
     </span>
     <span class='ocr_line' id='line_1_20' title="bbox 214 2224 1086 2298; baseline -0.005 -12"><span class='ocrx_word' id='word_1_129' title='bbox 214 2229 427 2294; x_wconf 74' lang='lat' dir='ltr'><strong>descendimus,</strong></span> <span class='ocrx_word' id='word_1_130' title='bbox 439 2225 594 2286; x_wconf 89' lang='lat' dir='ltr'><strong>inetinatio</strong></span> <span class='ocrx_word' id='word_1_131' title='bbox 609 2225 673 2298; x_wconf 77' lang='lat' dir='ltr'><strong>jam</strong></span> <span class='ocrx_word' id='word_1_132' title='bbox 688 2225 719 2282; x_wconf 89' lang='lat' dir='ltr'><strong>in</strong></span> <span class='ocrx_word' id='word_1_133' title='bbox 741 2224 998 2297; x_wconf 78' lang='lat' dir='ltr'><strong>postmeridianum</strong></span> <span class='ocrx_word' id='word_1_134' title='bbox 1013 2231 1086 2282; x_wconf 90' lang='lat' dir='ltr'><strong>tem·</strong></span> 
     </span>
     <span class='ocr_line' id='line_1_21' title="bbox 214 2324 1085 2402; baseline -0.002 -17"><span class='ocrx_word' id='word_1_135' title='bbox 214 2329 339 2402; x_wconf 74' lang='lat' dir='ltr'><strong>paedia,</strong></span> <span class='ocrx_word' id='word_1_136' title='bbox 358 2326 376 2360; x_wconf 84' lang='lat'><strong>¹¹</strong></span> <span class='ocrx_word' id='word_1_137' title='bbox 388 2326 509 2400; x_wconf 59' lang='lat' dir='ltr'><strong>poemeni</strong></span> <span class='ocrx_word' id='word_1_138' title='bbox 532 2325 782 2400; x_wconf 69' lang='lat' dir='ltr'><strong>consummem,</strong></span> <span class='ocrx_word' id='word_1_139' title='bbox 803 2324 852 2399; x_wconf 92' lang='lat' dir='ltr'><strong>qui</strong></span> <span class='ocrx_word' id='word_1_140' title='bbox 867 2326 997 2394; x_wconf 75' lang='lat' dir='ltr'><strong>aderant,</strong></span> <span class='ocrx_word' id='word_1_141' title='bbox 1017 2338 1085 2383; x_wconf 70' lang='lat' dir='ltr'><strong>eam</strong></span> 
     </span>
     <span class='ocr_line' id='line_1_22' title="bbox 214 2424 847 2483; baseline -0.003 -1"><span class='ocrx_word' id='word_1_142' title='bbox 214 2443 277 2482; x_wconf 88' lang='lat' dir='ltr'><strong>sum</strong></span> <span class='ocrx_word' id='word_1_143' title='bbox 290 2426 460 2482; x_wconf 83' lang='lat' dir='ltr'><strong>disserendi.</strong></span> <span class='ocrx_word' id='word_1_144' title='bbox 502 2424 582 2480; x_wconf 78' lang='lat' dir='ltr'><strong>Tum</strong></span> <span class='ocrx_word' id='word_1_145' title='bbox 596 2441 642 2480; x_wconf 82' lang='lat' dir='ltr'><strong>res</strong></span> <span class='ocrx_word' id='word_1_146' title='bbox 655 2431 722 2483; x_wconf 83' lang='lat' dir='ltr'><strong>autu</strong></span> <span class='ocrx_word' id='word_1_147' title='bbox 736 2425 778 2482; x_wconf 85' lang='lat' dir='ltr'><strong>sic</strong></span> <span class='ocrx_word' id='word_1_148' title='bbox 793 2431 847 2482; x_wconf 84' lang='lat' dir='ltr'><strong>eat.</strong></span> 
     </span>
    </p>

    <p class='ocr_par' dir='ltr' id='par_1_4' title="bbox 213 2522 1113 3290">
     <span class='ocr_line' id='line_1_23' title="bbox 257 2522 1113 2597; baseline 0.006 -17"><span class='ocrx_word' id='word_1_149' title='bbox 257 2523 295 2580; x_wconf 79' lang='lat' dir='ltr'><strong>A.</strong></span> <span class='ocrx_word' id='word_1_150' title='bbox 312 2523 436 2578; x_wconf 81' lang='lat' dir='ltr'><strong>Videtur</strong></span> <span class='ocrx_word' id='word_1_151' title='bbox 459 2522 530 2581; x_wconf 84' lang='lat' dir='ltr'><strong>mihi</strong></span> <span class='ocrx_word' id='word_1_152' title='bbox 554 2523 660 2580; x_wconf 83' lang='lat' dir='ltr'><strong>eadere</strong></span> <span class='ocrx_word' id='word_1_153' title='bbox 684 2522 899 2594; x_wconf 79' lang='lat' dir='ltr'><strong>insanientem</strong></span> <span class='ocrx_word' id='word_1_154' title='bbox 923 2523 1113 2597; x_wconf 66' lang='lat' dir='ltr'><strong>engrannus</strong></span> 
     </span>
     <span class='ocr_line' id='line_1_24' title="bbox 216 2620 1085 2696; baseline 0.002 -18"><span class='ocrx_word' id='word_1_155' title='bbox 216 2620 260 2678; x_wconf 83' lang='lat' dir='ltr'><strong>M.</strong></span> <span class='ocrx_word' id='word_1_156' title='bbox 277 2623 303 2678; x_wconf 90' lang='lat' dir='ltr'>N</span> <span class='ocrx_word' id='word_1_157' title='bbox 308 2637 355 2677; x_wconf 89' lang='lat' dir='ltr'><strong>um</strong></span> <span class='ocrx_word' id='word_1_158' title='bbox 367 2620 492 2694; x_wconf 84' lang='lat' dir='ltr'><strong>retiquae</strong></span> <span class='ocrx_word' id='word_1_159' title='bbox 505 2639 618 2696; x_wconf 83' lang='lat' dir='ltr'><strong>quoque</strong></span> <span class='ocrx_word' id='word_1_160' title='bbox 632 2621 862 2694; x_wconf 77' lang='lat' dir='ltr'><strong>perturbationes</strong></span> <span class='ocrx_word' id='word_1_161' title='bbox 876 2621 976 2686; x_wconf 83' lang='lat' dir='ltr'><strong>animi,</strong></span> <span class='ocrx_word' id='word_1_162' title='bbox 990 2622 1085 2680; x_wconf 83' lang='lat' dir='ltr'><strong>tormi-</strong></span> 
     </span>
     <span class='ocr_line' id='line_1_25' title="bbox 214 2718 1083 2789; baseline -0.002 -9"><span class='ocrx_word' id='word_1_163' title='bbox 214 2721 308 2789; x_wconf 86' lang='lat' dir='ltr'><strong>dinee,</strong></span> <span class='ocrx_word' id='word_1_164' title='bbox 338 2718 475 2777; x_wconf 85' lang='lat' dir='ltr'><strong>libidines</strong></span> <span class='ocrx_word' id='word_1_165' title='bbox 500 2718 695 2777; x_wconf 77' lang='lat' dir='ltr'><strong>iracundiae?</strong></span> <span class='ocrx_word' id='word_1_166' title='bbox 722 2721 797 2776; x_wconf 87' lang='lat' dir='ltr'><strong>haee</strong></span> <span class='ocrx_word' id='word_1_167' title='bbox 823 2720 902 2776; x_wconf 91' lang='lat' dir='ltr'><strong>enim</strong></span> <span class='ocrx_word' id='word_1_168' title='bbox 930 2719 989 2776; x_wconf 77' lang='lat' dir='ltr'><strong>tere</strong></span> <span class='ocrx_word' id='word_1_169' title='bbox 1016 2725 1083 2778; x_wconf 84' lang='lat' dir='ltr'><strong>eunt</strong></span> 
     </span>
     <span class='ocr_line' id='line_1_26' title="bbox 214 2819 1082 2897; baseline -0.001 -18"><span class='ocrx_word' id='word_1_170' title='bbox 214 2821 364 2897; x_wconf 77' lang='lat' dir='ltr'><strong>ejusmodi,</strong></span> <span class='ocrx_word' id='word_1_171' title='bbox 385 2837 457 2894; x_wconf 84' lang='lat' dir='ltr'><strong>quae</strong></span> <span class='ocrx_word' id='word_1_172' title='bbox 473 2819 580 2876; x_wconf 79' lang='lat' dir='ltr'><strong>Graeci</strong></span> <span class='ocrx_word' id='word_1_173' title='bbox 595 2821 670 2881; x_wconf 68' lang='lat' dir='ltr'><strong>nie</strong></span> <span class='ocrx_word' id='word_1_174' title='bbox 689 2820 856 2892; x_wconf 76' lang='lat' dir='ltr'><strong>appeliant:</strong></span> <span class='ocrx_word' id='word_1_175' title='bbox 877 2835 933 2892; x_wconf 81' lang='lat' dir='ltr'><strong>ego</strong></span> <span class='ocrx_word' id='word_1_176' title='bbox 953 2823 1082 2892; x_wconf 83' lang='lat' dir='ltr'><strong>poteram</strong></span> 
     </span>
     <span class='ocr_line' id='line_1_27' title="bbox 214 2917 1084 2988; baseline -0.005 -8"><span class='ocrx_word' id='word_1_177' title='bbox 214 2923 337 2988; x_wconf 83' lang='lat' dir='ltr'><strong>morbos,</strong></span> <span class='ocrx_word' id='word_1_178' title='bbox 351 2925 381 2978; x_wconf 88' lang='lat' dir='ltr'><strong>et</strong></span> <span class='ocrx_word' id='word_1_179' title='bbox 396 2919 426 2976; x_wconf 93' lang='lat' dir='ltr'><strong>id</strong></span> <span class='ocrx_word' id='word_1_180' title='bbox 442 2920 560 2978; x_wconf 82' lang='lat' dir='ltr'><strong>verbum</strong></span> <span class='ocrx_word' id='word_1_181' title='bbox 572 2923 650 2974; x_wconf 87' lang='lat' dir='ltr'><strong>esset</strong></span> <span class='ocrx_word' id='word_1_182' title='bbox 671 2935 688 2974; x_wconf 85' lang='lat' dir='ltr'><strong>e</strong></span> <span class='ocrx_word' id='word_1_183' title='bbox 710 2917 817 2974; x_wconf 79' lang='lat' dir='ltr'><strong>verbu:</strong></span> <span class='ocrx_word' id='word_1_184' title='bbox 846 2917 897 2974; x_wconf 88' lang='lat' dir='ltr'><strong>sed</strong></span> <span class='ocrx_word' id='word_1_185' title='bbox 912 2917 942 2974; x_wconf 88' lang='lat' dir='ltr'><strong>iu</strong></span> <span class='ocrx_word' id='word_1_186' title='bbox 963 2935 1084 2976; x_wconf 84' lang='lat' dir='ltr'><strong>eonsue-</strong></span> 
     </span>
     <span class='ocr_line' id='line_1_28' title="bbox 214 3014 1083 3087; baseline -0.005 -7"><span class='ocrx_word' id='word_1_187' title='bbox 214 3023 344 3080; x_wconf 86' lang='lat' dir='ltr'><strong>tudiuem</strong></span> <span class='ocrx_word' id='word_1_188' title='bbox 355 3025 482 3078; x_wconf 80' lang='lat' dir='ltr'><strong>nostram</strong></span> <span class='ocrx_word' id='word_1_189' title='bbox 498 3035 555 3074; x_wconf 88' lang='lat' dir='ltr'><strong>non</strong></span> <span class='ocrx_word' id='word_1_190' title='bbox 565 3017 690 3074; x_wconf 72' lang='lat' dir='ltr'><strong>canterat.</strong></span> <span class='ocrx_word' id='word_1_191' title='bbox 708 3033 774 3074; x_wconf 88' lang='lat' dir='ltr'><strong>unm</strong></span> <span class='ocrx_word' id='word_1_192' title='bbox 790 3014 928 3083; x_wconf 80' lang='lat' dir='ltr'><strong>misereri,</strong></span> <span class='ocrx_word' id='word_1_193' title='bbox 938 3016 1083 3087; x_wconf 82' lang='lat' dir='ltr'><strong>invidere,</strong></span> 
     </span>
     <span class='ocr_line' id='line_1_29' title="bbox 214 3114 1083 3197; baseline -0.001 -21"><span class='ocrx_word' id='word_1_194' title='bbox 214 3121 330 3197; x_wconf 66' lang='lat' dir='ltr'><strong>gastine,</strong></span> <span class='ocrx_word' id='word_1_195' title='bbox 344 3118 456 3185; x_wconf 81' lang='lat' dir='ltr'><strong>laetari,</strong></span> <span class='ocrx_word' id='word_1_196' title='bbox 470 3117 542 3176; x_wconf 85' lang='lat' dir='ltr'><strong>haee</strong></span> <span class='ocrx_word' id='word_1_197' title='bbox 556 3116 655 3175; x_wconf 84' lang='lat' dir='ltr'><strong>omniu</strong></span> <span class='ocrx_word' id='word_1_198' title='bbox 669 3117 782 3174; x_wconf 79' lang='lat' dir='ltr'><strong>morbos</strong></span> <span class='ocrx_word' id='word_1_199' title='bbox 802 3114 911 3174; x_wconf 77' lang='lat' dir='ltr'><strong>Graeci</strong></span> <span class='ocrx_word' id='word_1_200' title='bbox 924 3118 1083 3190; x_wconf 78' lang='lat' dir='ltr'><strong>appeliant,</strong></span> 
     </span>
     <span class='ocr_line' id='line_1_30' title="bbox 213 3213 1083 3290; baseline -0.005 -12"><span class='ocrx_word' id='word_1_201' title='bbox 213 3231 308 3279; x_wconf 89' lang='lat' dir='ltr'><strong>mutus</strong></span> <span class='ocrx_word' id='word_1_202' title='bbox 332 3213 543 3278; x_wconf 82' lang='lat' dir='ltr'><strong>ammirationi</strong></span> <span class='ocrx_word' id='word_1_203' title='bbox 566 3233 625 3274; x_wconf 90' lang='lat' dir='ltr'><strong>uon</strong></span> <span class='ocrx_word' id='word_1_204' title='bbox 640 3217 891 3290; x_wconf 80' lang='lat' dir='ltr'><strong>obtemperantes:</strong></span> <span class='ocrx_word' id='word_1_205' title='bbox 921 3219 1083 3274; x_wconf 85' lang='lat' dir='ltr'><strong>nosautem</strong></span> 
     </span>
    </p>
   </div>
   <div class='ocr_carea' id='block_1_4' title="bbox 213 3376 1082 3498">
    <p class='ocr_par' dir='ltr' id='par_1_5' title="bbox 213 3376 1082 3498">
     <span class='ocr_line' id='line_1_31' title="bbox 241 3376 1082 3442; baseline -0.006 -12"><span class='ocrx_word' id='word_1_206' title='bbox 241 3383 260 3417; x_wconf 87' lang='lat'><strong>¹¹</strong></span> <span class='ocrx_word' id='word_1_207' title='bbox 275 3383 373 3440; x_wconf 69' lang='lat' dir='ltr'><strong>manasei</strong></span> <span class='ocrx_word' id='word_1_208' title='bbox 387 3406 420 3418; x_wconf 93' lang='lat'><strong>-·</strong></span> <span class='ocrx_word' id='word_1_209' title='bbox 440 3394 529 3427; x_wconf 77' lang='lat' dir='ltr'><strong>casuum</strong></span> <span class='ocrx_word' id='word_1_210' title='bbox 547 3379 680 3442; x_wconf 77' lang='lat' dir='ltr'><strong>disserendi]</strong></span> <span class='ocrx_word' id='word_1_211' title='bbox 700 3378 752 3429; x_wconf 82' lang='lat' dir='ltr'><strong>ie</strong></span> <span class='ocrx_word' id='word_1_212' title='bbox 768 3377 839 3440; x_wconf 63' lang='lat' dir='ltr'><strong>enar,</strong></span> <span class='ocrx_word' id='word_1_213' title='bbox 856 3376 1006 3441; x_wconf 77' lang='lat' dir='ltr'><strong>questionem,</strong></span> <span class='ocrx_word' id='word_1_214' title='bbox 1025 3388 1082 3440; x_wconf 80' lang='lat' dir='ltr'><strong>qnae</strong></span> 
     </span>
     <span class='ocr_line' id='line_1_32' title="bbox 213 3445 548 3498; baseline -0.012 -2"><span class='ocrx_word' id='word_1_215' title='bbox 213 3448 331 3498; x_wconf 84' lang='lat' dir='ltr'><strong>materiam</strong></span> <span class='ocrx_word' id='word_1_216' title='bbox 339 3445 461 3497; x_wconf 81' lang='lat' dir='ltr'><strong>disserendi</strong></span> <span class='ocrx_word' id='word_1_217' title='bbox 476 3447 548 3494; x_wconf 82' lang='lat' dir='ltr'><strong>daret.</strong></span> 
     </span>
    </p>
   </div>
   <div class='ocr_carea' id='block_1_5' title="bbox 0 0 1280 4208">
    <p class='ocr_par' dir='ltr' id='par_1_6' title="bbox 0 0 1280 4208">
     <span class='ocr_line' id='line_1_33' title="bbox 0 0 1280 4208; baseline 0 0"><span class='ocrx_word' id='word_1_218' title='bbox 0 0 1280 4208; x_wconf 95' lang='lat' dir='ltr'><strong> </strong></span> 
     </span>
    </p>
   </div>
  </div>
 </body>
</html>
