2548 4208
467 361 735 424 tltnaoutntus.
972 371 1039 436 23³

166 516 220 592 tlt,
231 517 309 600 qtlcd
327 519 510 594 concnplvit
524 533 680 594 numquam
690 535 722 576 ee
736 521 832 576 temen
846 516 917 576 satis
937 533 1039 578 conse·

165 629 263 680 cutam
287 625 389 694 putat:
411 620 456 676 sic
481 617 627 692 sapientis
648 635 761 692 semper
778 635 815 676 eo
834 622 974 676 contenta
993 622 1040 676 est

165 723 241 796 quod
256 720 349 785 adest,
365 733 539 796 nequeeam
553 734 689 792 umquam
702 716 747 774 sui
760 715 900 792 poenitet.

241 817 413 876 Similemne
442 823 526 890 putas
554 816 590 874 C.
621 816 718 876 Laelii
739 833 829 874 unum
856 816 1092 876 consulatumlll

162 917 262 985 luisse,
276 923 307 975 et
326 934 392 976 eum
417 916 536 991 quidem
557 933 625 974 cuns
638 919 762 990 repulsu,
775 932 844 974 cum
866 916 901 974 1..
922 915 1039 973 Cinnas

164 1013 307 1092 quatuor?
335 1013 455 1090 (sicum
479 1015 598 1089 sapiens
621 1021 652 1073 et
674 1017 766 1074 bouus
792 1013 847 1082 vir,
871 1013 966 1090 qualis
987 1013 1040 1072 ille

164 1115 228 1183 luit,
248 1116 390 1188 suffragiis
415 1115 596 1188 praeteritur,
617 1132 677 1172 non
697 1115 851 1188 populosa
871 1114 948 1171 bono
971 1129 1041 1171 con·

164 1217 228 1272 sule
242 1215 347 1288 potius,
366 1231 450 1287 quam
464 1214 546 1271 illea
567 1215 646 1272 malo
666 1215 773 1287 populo
794 1215 940 1286 repulsam
953 1212 1006 1270 lert
1016 1208 1042 1291 ς)

163 1315 216 1372 sed
232 1320 329 1372 tamen
345 1320 440 1372 utrum
453 1315 565 1382 malles,
582 1320 622 1383 te,
635 1314 662 1371 si
685 1317 813 1388 potestus
832 1317 919 1379 esset,
939 1313 1042 1381 semel,

163 1419 197 1474 ut
217 1411 362 1482 Laelium,
376 1415 536 1480 consulem,
551 1430 599 1481 an,
623 1419 655 1470 ut
670 1411 807 1480 Cinnam,
827 1409 951 1486 quates?
972 1429 1043 1484 ,non

164 1513 276 1578 dubito,
300 1518 333 1569 tu
352 1511 422 1587 quid
437 1527 632 1584 responsurus
652 1511 702 1568 sis.
744 1512 845 1584 ltaque
871 1511 969 1578 video,
992 1495 1045 1569 cui

164 1610 358 1670 committam.
401 1610 471 1666 Nou
496 1608 630 1680 quemvis
653 1609 710 1666 hoc
733 1608 811 1666 idem
825 1608 1042 1683 interrogarem.

164 1695 354 1782 responderet
375 1707 455 1766 enim
476 1707 551 1764 elius
572 1706 702 1774 tortasse,
721 1725 753 1764 se
780 1723 839 1765 non
861 1709 949 1766 modo
962 1713 1044 1783 quet·

164 1811 230 1866 tuor
240 1809 406 1866 consulatus
416 1807 466 1864 uni
478 1813 666 1879 anteponere,
676 1806 727 1863 sed
737 1823 825 1864 unum
837 1807 915 1866 diem
925 1794 1050 1866 Cinnae*

164 1908 319 1966 multorum
335 1913 365 1964 et
386 1908 530 1964 clarorum
546 1905 673 1964 vimrum
689 1904 763 1962 totis
780 1906 932 1964 aetatibus.
967 1907 1043 1966 Lae·

162 2006 229 2074 lius,
256 2007 282 2063 si
306 2005 400 2082 digito
425 2023 512 2081 quem
537 2006 691 2080 attigisset,
715 2023 824 2081 smenas
847 2007 984 2064 dedisset.
1010 2011 1044 2066 ut

165 2103 276 2172 Cinna,
299 2106 432 2179 collegae
452 2105 507 2172 sui,
528 2106 656 2164 consulis
678 2106 734 2164 On.
759 2106 889 2174 Octavii,
912 2106 1044 2180 praecidi

163 2210 252 2279 caput
269 2202 368 2277 jussit,
388 2205 423 2261 P.
439 2205 547 2274 Crassi,
573 2207 608 2264 1..
624 2205 772 2274 caesaris,
793 2206 1045 2265 nobilissimomm

162 2303 330 2362 hominum:
364 2319 483 2377 quorum
513 2305 604 2362 virtus
624 2305 716 2362 luerat
744 2305 839 2370 domi,
862 2305 1043 2382 militiaeque

164 2403 296 2476 cognita,
321 2399 364 2458 M.
390 2400 525 2469 Antonii,
553 2403 682 2460 omnium
704 2404 945 2476 eloquentissimi,
971 2421 1043 2480 quos

166 2517 223 2574 ego
238 2496 389 2563 audierim,
403 2498 439 2556 O.
459 2497 602 2569 Caesaris,
617 2499 649 2556 in
663 2518 719 2576 quo
739 2501 810 2558 mihi
825 2503 940 2561 videtur
954 2503 1043 2564 luisse

164 2595 318 2672 specimen
355 2595 553 2664 humanitatis,
586 2599 676 2670 salis,
726 2600 888 2668 suavitatis,
926 2603 1042 2674 leporis.

164 2695 316 2756 Beatusne
339 2694 438 2770 igitur,
459 2692 556 2770 “quia
571 2698 622 2756 hos
639 2696 814 2767 interiecit?
842 2699 915 2758 mihi
937 2706 1042 2760 contra

193 2843 217 2886 ⁸³
231 2849 362 2899 Sindlemm
376 2876 385 2886 ·
401 2877 410 2885 -
425 2852 539 2908 resumam
551 2853 608 2910 fert.
652 2851 719 2900 Hune
728 2853 801 2901 loerun
813 2853 881 2912 edidi,
892 2859 916 2901 ut
926 2855 1040 2904 Corradus

164 2911 190 2958 iu
198 2912 324 2960 Quaestum
336 2925 359 2971 p.
371 2911 422 2958 382.
435 2911 471 2957 ed.
483 2921 580 2966 nostroe,
592 2925 605 2957 e
645 2913 687 2958 Sto
697 2912 757 2960 libro
763 2913 872 2967 exhibuit,
884 2929 964 2973 negans
976 2915 1044 2962 aliter

165 2968 352 3015 constructionem
369 2977 478 3015 constare.
513 2970 588 3017 Primo
598 2969 729 3018 Similemne
754 2987 779 3018 ro
798 2973 963 3030 vulgatolmdie
975 2973 1044 3019 Simi-

166 3029 221 3074 lsne.
240 3027 296 3072 illud
306 3031 329 3072 et
338 3029 393 3075 edd.
405 3033 460 3073 vett,
470 3030 578 3089 quaedam
591 3029 681 3085 habent,
700 3038 724 3076 ut
766 3031 834 3077 ediol.
845 3032 925 3080 deinde
941 3033 1044 3080 additum

164 3099 218 3157 sum
225 3085 252 3132 [ι.
265 3085 352 3133 Cinnae
361 3091 465 3156 quotuor,
475 3088 597 3146 esrjusmodi
605 3089 658 3150 quid
669 3089 764 3137 similem
774 3091 879 3152 postulat.
899 3092 1044 3138 constructio

165 3145 325 3215 mmslemtcum
334 3153 367 3192 est
383 3146 472 3217 dlurrcrn:
494 3148 531 3194 sed
543 3153 618 3195 temen
629 3155 651 3194 et
663 3145 788 3219 similitudo
805 3149 836 3197 ita
847 3151 988 3221 construitur.
1002 3151 1044 3200 nisi

164 3203 1045 3335 tlt..l¹l‘;tt'“fll.lltr:ltttttttlttlltl'littttttttllt't

165 3336 217 3369 nam
228 3325 379 3376 manrlestem
391 3323 434 3369 hoc
449 3331 481 3370 est
499 3326 559 3372 ratio
575 3327 735 3374 antecedentis.
753 3341 794 3392 pro
811 3330 869 3375 mulo
879 3329 974 3374 Corradl
985 3329 1044 3377 liber

166 3381 251 3427 etedd.
271 3388 359 3428 veteres
369 3383 492 3443 pleraeque
511 3399 581 3431 cuno:
605 3386 642 3433 sed
660 3389 718 3432 mulo
739 3388 819 3434 rectius
838 3390 957 3448 opponitur
973 3391 1042 3438 dono:

166 3439 261 3502 denique
276 3441 353 3488 delete
369 3446 404 3487 est
420 3443 527 3502 repetitio
543 3443 624 3504 frigida
642 3463 681 3495 usu
699 3446 820 3507 suffragiis
834 3449 972 3504 mustellus
991 3453 1043 3512 post

165 3505 277 3560 nochum
284 3505 351 3561 sert.-
367 3505 397 3551 de
408 3505 488 3553 Laelio
500 3521 521 3554 v.
538 3507 604 3555 Glav.
616 3509 638 3557 in
650 3513 677 3559 G.
689 3512 781 3560 [celiam
792 3513 852 3572 Cf·

196 3580 219 3614 ⁸⁴
232 3583 285 3640 (μὴ
294 3583 331 3630 Μ
340 3584 430 3648 ΜΛ]
461 3585 538 3650 Vulgo
546 3594 581 3637 est
590 3589 656 3712 qui*
669 3591 785 3654 tenuetur
795 3593 961 3660 correxitque,
972 3599 1042 3661 reste.

208 3675 281 3726 von.
296 3682 348 3732 xv.
587 3675 625 3731 20
