2548 4208
457 368 724 430 promovimus.
967 378 1030 442 all

159 541 370 608 quamcumque
382 543 445 586 ram
469 526 623 586 habentia
649 524 790 609 manibus,
809 521 840 584 in
859 539 934 592 eam,
957 539 1033 600 quas

159 629 353 695 eumenium,
366 633 528 700 congemui
541 626 649 692 omnia,
665 625 721 684 etsi
734 625 794 683 alio
807 627 873 682 louo
886 625 1034 698 disputata

159 733 235 786 sunt.
277 725 366 799 Quod
379 726 410 782 ni
423 726 465 782 ita
484 731 571 792 assat,
584 741 637 784 our
652 725 779 793 Stoicus,
791 723 818 784 si
830 731 908 782 esset
922 723 1034 799 quaesi·

160 831 232 894 tum,
245 826 356 884 satisne
370 825 406 882 atl
421 827 507 882 heato
522 825 683 884 vivendum
698 825 789 884 virtut
809 829 917 898 posset,
940 827 1033 882 multa

159 922 297 986 dicarat?
316 924 364 984 oui
374 929 445 983 aatls
456 930 543 990 esset,
558 927 744 998 respondere,
757 941 790 981 sa
805 928 875 980 anta
888 924 1033 992 docuisse,

160 1022 236 1082 nihil
262 1025 368 1082 honum
387 1041 462 1090 osse,
491 1023 549 1081 nisi
575 1025 650 1099 quod
683 1025 837 1082 honestum
857 1028 951 1079 osset:
977 1022 1035 1080 hoo

160 1111 292 1198 probato,
305 1139 488 1198 consequens
508 1141 582 1190 asae,
598 1125 712 1180 beatam
735 1123 827 1179 vitam
842 1121 949 1178 virtuto
968 1136 1036 1179 essa

160 1226 347 1279 oontentam:
368 1227 409 1289 al,
422 1239 479 1296 quo
493 1224 580 1280 modo
595 1224 651 1280 hoo
672 1223 710 1278 slt
725 1239 907 1296 consequens
921 1220 976 1286 illi,
990 1219 1036 1278 sio

161 1319 234 1378 illud
246 1319 332 1378 huic:
355 1325 394 1384 ut,
408 1320 432 1376 ai
449 1322 534 1378 beata
547 1321 610 1379 vita
626 1321 733 1378 virtute
747 1326 887 1379 contenta
901 1320 955 1389 sit3
978 1319 1036 1378 nisi

161 1418 316 1477 honestum
327 1418 402 1493 quod
416 1418 464 1487 sit,
480 1418 552 1476 nihil
566 1421 645 1477 aliud
655 1421 694 1478 sit
705 1422 818 1478 bonum.
861 1421 921 1478 Sao
937 1429 1037 1477 tameo
1120 1453 1125 1461 .

162 1534 222 1575 nou
246 1523 337 1592 agunt
351 1517 404 1573 sio.
447 1517 525 1574 Nam
549 1525 579 1575 et
603 1520 642 1576 da
666 1520 799 1586 honesto,
812 1524 841 1575 at
866 1519 904 1575 ala
923 1531 1038 1574 summo

162 1617 241 1674 hono
254 1616 412 1688 separatim
436 1615 503 1672 libri
528 1623 613 1674 sunt:
634 1621 745 1674 aluum
769 1633 808 1672 ex
830 1633 866 1672 so
886 1616 1037 1683 efficiatur,

161 1715 233 1774 satis
248 1731 384 1788 magnam
399 1715 429 1772 in
444 1713 552 1772 virtute
565 1716 602 1772 ad
615 1716 700 1774 baala
713 1715 872 1772 vivendum
887 1732 952 1771 esso
968 1713 1039 1782 vim,

163 1813 258 1873 nihilo
272 1814 367 1872 miuus
392 1815 448 1872 hoo
469 1819 559 1890 agunt
580 1815 744 1887 separatim.
761 1814 882 1887 propriis
902 1813 982 1871 anim
1006 1817 1039 1870 at

160 1913 222 1972 uuis
237 1914 414 1988 argumentis
429 1919 459 1972 at
473 1891 723 1972 admonitionibus
739 1915 889 1971 tractanda
904 1929 1037 1987 quaeque

162 2029 209 2072 res
223 2018 278 2080 ost,
293 2018 374 2071 tanta
388 2013 567 2086 praesertim.
582 2031 658 2072 aava
673 2014 752 2072 enim
767 2021 860 2087 putes,
879 2011 1000 2070 ²’ullam
1018 2028 1039 2069 a

160 2113 345 2188 philosophia
361 2130 465 2171 vooem
479 2114 614 2172 emmaum
635 2113 797 2181 clariorem,
821 2114 952 2170 ullumve
972 2129 1038 2170 essa

162 2212 364 2288 philosophiae
392 2216 562 2286 promissum
588 2212 711 2280 uberius,
735 2223 784 2270 out
814 2213 916 2286 majus.
959 2211 1038 2270 Nam

163 2311 231 2386 quid
247 2310 418 2384 profitetur?
437 2329 456 2368 o
469 2312 511 2370 alii
531 2314 618 2372 bonit
642 2313 832 2385 perfecturam
847 2329 889 2378 se,
903 2311 951 2385 qui
968 2309 1038 2384 legi·

163 2408 216 2466 bus
230 2410 289 2465 suis
304 2409 454 2482 paruisset,
475 2416 505 2468 ut
533 2417 611 2466 asset
634 2419 736 2467 contra
758 2412 900 2468 fortunam
923 2425 1039 2482 semper

165 2513 314 2563 armatus:
348 2511 381 2562 ut
406 2505 505 2562 omnia
540 2507 682 2578 praesidia
708 2508 826 2564 haberat
852 2509 883 2563 in
907 2526 939 2564 se
961 2511 1038 2566 beno

165 2605 307 2676 beateque
335 2602 475 2672 vivandi;
497 2609 528 2660 ut
548 2610 625 2661 esset
649 2621 763 2678 sempor
786 2605 912 2679 denique
926 2609 1038 2664 beatus.

167 2701 227 2760 Sed
240 2701 352 2769 vitlem,
366 2702 433 2777 quid
447 2702 564 2760 efficiat.
606 2703 768 2777 Tantisper
781 2705 837 2760 hou
852 2705 945 2777 ipsum
961 2723 1038 2778 mag·
1073 2755 1080 2760 .

165 2801 197 2860 ni
221 2801 355 2867 aestimo,
375 2801 451 2874 quod
472 2801 634 2874 pollicetur.
677 2804 755 2858 Nam
781 2805 896 2860 Xerxes
920 2803 1039 2878 quidem

129 2909 137 2974 j
164 2901 286 2958 refertus
318 2901 453 2956 omnibus
481 2899 616 2974 praemiis
651 2901 792 2975 donisque
816 2901 956 2970 fortunae,
979 2918 1038 2960 non

166 2999 306 3074 equitatu,
320 3017 379 3056 non
395 2998 573 3072 pedestribus
594 2999 697 3073 copiis,
720 3019 777 3058 non
803 3001 922 3058 navium
944 3000 1039 3059 multi·

166 3097 276 3164 tudine,
292 3115 350 3156 non
371 3097 486 3156 infinito
508 3101 635 3172 pontlere
657 3099 719 3156 auri
739 3107 904 3169 contentus,
923 3099 943 3131 ²⁴
958 3117 1038 3174 proe-

165 3197 255 3256 mium
269 3198 416 3272 proposuit
430 3198 468 3266 ei,
481 3199 530 3273 qui
544 3199 709 3258 invenisset
727 3215 835 3258 novum
849 3203 1036 3274 voluptatem.

193 3371 219 3404 θ’
233 3373 328 3420 ultuma
336 3373 406 3430 philos
441 3372 524 3422 aedidi
541 3375 625 3436 proin,
637 3380 662 3423 ut
678 3375 747 3422 hahet
759 3377 804 3423 Ma.
817 3375 871 3423 Vat.
883 3376 997 3438 ediditque
1012 3379 1037 3423 rt

165 3430 284 3478 Daumius:
300 3434 367 3493 islqua
381 3376 459 3481 meiius
476 3437 580 3482 convenit
597 3436 666 3482 verbo
676 3437 783 3492 amissum,
794 3436 848 3482 item
863 3437 928 3482 altari
945 3437 1035 3495 pallam

165 3490 229 3546 phiua
238 3492 377 3547 prouisam.

196 3568 219 3600 ³¹
232 3571 357 3625 praemium
366 3573 479 3632 proposuit
490 3572 519 3634 aa]
535 3573 642 3620 aiaddirli
652 3589 700 3621 cum
712 3575 805 3624 Duritia
814 3589 827 3624 e
837 3575 883 3624 Ma.
896 3575 989 3624 Elianai.

207 3667 278 3708 rou.
301 3669 353 3710 xv.
605 3655 641 3710 ltl
