2548 4208
228 299 303 364 ῃ,
512 287 646 340 ausona.
663 273 919 344 ouansnonuru'

234 439 393 502 animantis
407 438 501 498 vitam
524 439 649 498 transire
662 456 722 498 non
746 437 846 514 possit,
866 444 966 498 manet
988 439 1019 500 in
1040 442 1109 518 lege
1186 461 1198 472 ·

129 591 131 594 .
234 547 364 602 naturae.
379 546 409 599 et
433 545 465 598 ut
479 539 579 598 bestiis
598 536 620 572 ⁴⁴
630 539 710 598 aliud
732 538 784 597 alii
808 539 959 615 praecipui
972 557 990 598 a
1004 549 1109 600 natura

233 641 335 700 datum
349 645 403 706 est,
428 641 503 715 quod
517 655 601 698 suum
621 656 752 715 quaeque
771 639 889 708 retinet,
910 657 966 698 nec
981 642 1109 701 discedit

236 742 273 798 ab
284 757 339 798 eo:
361 740 404 798 sic
419 738 531 797 homini
550 741 641 798 mullo
663 738 801 814 quiddam
820 740 1030 814 praestantius:
1050 739 1110 799 etsi

235 838 414 914 praestantia
427 840 536 898 debent
549 856 585 896 ea
599 837 668 906 dici,
679 855 753 914 quae
769 839 878 897 habent
892 837 1018 914 aliquam
1028 856 1107 900 com

235 937 425 1014 parationem.
467 931 618 996 Humanus
637 944 735 997 autem
749 938 871 1006 animus,
892 939 1046 1012 decerptus
1066 955 1106 998 ex

235 1043 334 1097 mente
348 1035 461 1102 divina,
481 1053 548 1094 cum
569 1037 735 1105 elinando,
757 1036 895 1096 ulsinum
913 1037 977 1112 ipso
1001 1039 1066 1105 deo,
1080 1037 1106 1095 si

234 1137 292 1196 hoc
306 1138 348 1194 las
368 1141 413 1194 est
433 1137 522 1208 dictu,
549 1137 710 1208 comparari
730 1142 835 1212 potest.
877 1136 936 1196 Hic
959 1136 1055 1214 igitur,
1080 1134 1107 1193 si

155 1303 156 1314 χ
237 1242 281 1294 est
295 1239 437 1307 excultus,
459 1241 490 1293 et
515 1236 540 1293 si
563 1235 625 1310 ejus
648 1235 727 1294 acies
750 1235 793 1294 ita
816 1240 915 1295 curata
936 1242 990 1303 est,
1011 1241 1043 1294 ut
1067 1253 1107 1295 ne
1191 1277 1198 1287 =

236 1339 405 1392 caecaretur
432 1333 591 1405 erroribus3
634 1335 671 1392 sit
705 1334 836 1410 perlecta
870 1351 961 1402 mens,
989 1333 1019 1392 ld
1050 1340 1107 1406 est,

233 1434 368 1491 absoluta
382 1432 470 1490 ratio:
491 1435 567 1508 quod
592 1440 637 1491 est
655 1433 734 1491 idem
755 1435 855 1492 virtus.
898 1433 946 1502 Et,
971 1433 997 1492 si
1016 1450 1106 1494 omne

235 1531 352 1591 beatum
367 1537 420 1600 est,
444 1532 492 1590 cni
507 1532 580 1591 nibil
601 1533 693 1602 deest,
716 1539 746 1592 et
769 1533 845 1609 quod
868 1532 898 1591 in
921 1550 974 1590 suo
998 1551 1106 1608 genera

235 1633 386 1704 expletum
412 1637 498 1707 atque
523 1635 701 1690 cumulatum
728 1638 782 1702 est,
809 1632 896 1708 idque
918 1632 1033 1690 virtutis
1061 1635 1107 1691 est

234 1731 400 1804 proprium:
422 1733 502 1788 certe
516 1749 617 1788 omnes
633 1732 748 1790 virtutis
762 1737 921 1804 compotes,
937 1732 1015 1788 beati
1029 1723 1106 1789 suntss

232 1827 275 1888 Εἰ
290 1829 345 1885 hoc
369 1831 486 1904 quidem
501 1830 573 1888 milri
587 1847 654 1888 cum
668 1831 760 1888 Bruto
780 1831 933 1899 convenit,
947 1831 1018 1889 item
1038 1846 1106 1890 cum

140 1975 145 1986 .
236 1925 407 1994 Aristotele,
432 1929 610 1996 Xenocrate,
638 1929 811 2002 Speusippo,
834 1929 1003 1988 Polemone.
1044 1927 1105 1987 Sed

234 2023 308 2082 milri
326 2025 461 2082 videntur
481 2027 570 2084 etiam
584 2029 753 2086 beatissimi.
776 2029 845 2102 quid
869 2029 948 2085 enim
965 2031 1047 2085 deest
1066 2027 1105 2086 ad

234 2125 320 2180 beate
337 2124 496 2183 vivendum
512 2129 550 2192 ei,
564 2127 613 2201 qui
637 2127 759 2185 conlidit
771 2129 831 2184 suis
846 2125 952 2186 bonis?
981 2133 1040 2194 aut,
1054 2125 1104 2202 qui

183 2208 348 2290 ludintun,
371 2225 471 2281 beatus
485 2244 548 2281 esse
563 2227 612 2300 qui
635 2225 753 2299 potest?
786 2231 829 2286 At
852 2228 963 2285 diffidat
983 2245 1104 2286 necesse

234 2327 289 2386 est,
310 2322 359 2395 qui
385 2326 459 2380 bona
479 2321 589 2381 dividit¹
611 2326 762 2398 tripertito.
806 2327 866 2398 Qui
895 2307 975 2384 enim
997 2327 1104 2402 polerit

235 2429 285 2478 aut
299 2421 426 2493 corporis
450 2423 594 2490 firmitate,
610 2429 660 2480 aut
688 2425 818 2482 lorlunae
833 2426 992 2483 stabilitate
1015 2426 1103 2483 conli-

234 2517 327 2577 derel
347 2521 436 2595 alqui,
452 2521 506 2578 nisi
520 2523 627 2589 stabili,
642 2527 671 2580 et
686 2524 754 2590 fixo,
768 2529 797 2580 et
813 2530 1001 2596 permanente
1016 2527 1103 2593 bono,

126 2665 130 2678 r
234 2618 336 2677 beatus
350 2637 414 2676 esse
429 2639 515 2677 nemo
534 2626 637 2693 potest.
680 2623 757 2694 Quid
783 2641 852 2696 ergo
873 2624 1012 2696 ejusmodi
1035 2625 1104 2681 islo·

234 2735 296 2777 rum
311 2716 379 2777 est?
399 2726 430 2776 nt
445 2721 516 2794 mihi
531 2721 658 2778 Laconis
673 2721 744 2777 illud
759 2723 870 2779 dictum
885 2723 915 2779 iu
930 2724 982 2779 hos
996 2725 1102 2781 cadere

234 2817 386 2875 videatur:
416 2819 465 2892 qui
477 2820 614 2892 glorianti
629 2821 745 2877 cuidam
766 2819 928 2887 mercatori,
942 2823 1017 2895 qnod
1032 2823 1103 2878 mul-

234 2920 279 2973 tas
291 2925 382 2974 naves
401 2911 432 2974 in
448 2935 564 2974 omnem
585 2937 665 2976 oram
680 2919 851 2978 maritimam
865 2919 1032 2987 dimisisset,
1046 2935 1102 2976 nara

232 3031 301 3073 aune
315 3013 445 3092 optabilis
459 3014 566 3091 quidem
579 3016 645 3083 ista,
660 3017 762 3090 inquit,
776 3015 940 3074 medentibus
954 3016 1101 3095 aplmsor·

233 3119 311 3171 tuno.
356 3118 405 3172 An
418 3115 536 3171 dubium
550 3123 604 3182 est,
617 3116 687 3190 quin
702 3116 774 3172 nihil
790 3117 827 3174 sit
841 3117 1006 3174 habendum
1021 3117 1050 3173 in
1065 3133 1102 3174 eo

234 3231 351 3288 genere,
380 3211 401 3246 ⁴⁵
415 3231 471 3288 quo
500 3214 561 3271 vila
591 3217 676 3271 beata
710 3217 880 3288 completur,
907 3216 933 3272 si
957 3215 986 3273 id
1012 3217 1105 3290 possit

230 3365 286 3481 px
300 3366 367 3437 pliud
382 3367 553 3426 uliiprnem'pui
570 3366 649 3415 datum
666 3367 715 3430 ast]
747 3368 825 3416 Visum
844 3369 899 3417 mihi
921 3373 964 3429 est,
983 3370 1103 3430 legendum
1162 3355 1166 3360 ¹

287 3440 358 3481 apua.
897 3445 899 3449 ’

264 3501 287 3534 ¹⁵
300 3504 396 3562 wuito
413 3507 433 3551 l.
450 3505 589 3567 completum]
621 3505 657 3554 Sic
676 3506 771 3554 correxit
789 3506 902 3564 Bentlejus
918 3507 1034 3566 vulgatum
1047 3511 1104 3554 tm·

230 3559 345 3620 cuditur.
354 3565 434 3616 eadem
442 3564 513 3614 urna
522 3568 558 3618 cst
566 3579 585 3612 c
598 3567 632 3616 lu.
666 3565 713 3623 Ma.
724 3565 798 3616 duell
809 3566 915 3616 habetis
923 3581 973 3642 pro.
