2538 4188
453 295 552 346 meua
566 290 743 346 SECUNDUS.
863 349 866 354 ,
962 297 1027 366 391

163 448 270 508 bellurn
284 445 367 521 quasi
386 449 518 506 naturate
531 462 599 504 cum
611 461 711 502 corvo.
736 458 805 518 ergo
817 441 892 502 citer
904 441 1033 510 alterius,

163 547 335 620 ubicumque
358 553 461 604 nactus
488 551 542 612 est,
565 561 624 602 uva
649 543 763 617 trangit.
805 543 881 600 titud
903 559 973 598 veru
995 542 1052 600 ab*

163 629 328 706 Aristotele
353 644 597 712 animadversum,
616 660 634 700 a
655 661 711 717 quc
738 644 884 716 pleraque,
908 641 971 715 quis
986 657 1035 712 pc·

155 749 222 818 ‚test
238 761 297 800 non
311 741 431 801 mirari?
452 743 556 809 Grues,
579 760 646 800 cum
660 745 725 802 tucn
738 741 877 800 calidiora
902 745 1036 812 petentes

163 841 256 901 maria
286 841 492 912 transmittant,
523 843 658 918 trianguli
679 843 794 902 edicere
822 841 951 897 termam.
973 837 1035 910 eJus

154 921 264 998 'autem
277 959 388 1000 summo
410 941 516 1016 augutu
537 941 588 1000 adr
609 944 647 1000 atr
673 941 710 998 iis
734 941 874 998 adversus
901 937 1036 1010 pettiturr

156 1021 272 1116 {deinde
299 1043 408 1099 sensim
428 1044 465 1099 ab
493 1049 613 1116 utroque
640 1043 742 1107 tatere,
770 1043 917 1111 nmquam
940 1034 1036 1117 remis,

165 1137 207 1196 ita
230 1139 335 1211 pennis
355 1156 454 1199 cursus
478 1141 577 1198 avium
599 1143 723 1198 levatur.
765 1137 851 1194 Basis
871 1145 967 1194 autem
989 1134 1036 1192 tri·

158 1215 274 1311 'angoti
289 1254 375 1312 quam
402 1255 485 1312 grues
510 1239 650 1304 efficiunt,
670 1254 707 1294 ea
731 1242 877 1311 tamquam
899 1254 917 1294 a
939 1233 1037 1310 puppi,

158 1315 265 1394 'ventis
285 1338 457 1412 adjuvatur:
485 1337 597 1412 haeque
630 1337 662 1394 in
691 1342 772 1411 tergo
804 1335 1037 1408 praevolantium

159 1411 244 1512 :cotta
258 1442 288 1492 et
309 1435 409 1510 capita
430 1443 582 1508 reponunt.
602 1437 677 1510 qucd
699 1435 767 1509 quia
790 1434 853 1508 ipse
866 1437 926 1492 dux
941 1436 1038 1490 tacere

165 1551 225 1592 uon
242 1539 345 1604 potest,
359 1534 428 1609 quia
456 1550 514 1590 non
535 1535 624 1592 habet
648 1533 698 1590 ubi
722 1534 838 1599 nitatur,
863 1535 1040 1598 resalutat

162 1615 231 1708 'ipse
256 1650 368 1708 qunque
388 1632 528 1707 quiescat.
570 1633 605 1690 ln
633 1633 694 1704 equs
723 1634 819 1689 tecum
846 1631 977 1688 succedit
1000 1647 1040 1688 ex

166 1731 214 1798 iis,
244 1709 324 1805 quae·
349 1731 538 1806 nequierunt:
569 1747 661 1806 eaque
695 1729 867 1788 vicissitudo
895 1730 926 1788 in
959 1729 1040 1788 omni

167 1814 252 1890 cursu
286 1835 487 1912 conservatur.
530 1830 625 1908 Multa
646 1830 788 1904 ejusmodi
821 1830 944 1904 proferre
978 1847 1040 1903 pos-

166 1947 230 1988 sum
245 1951 252 1986 ε
273 1933 325 1988 sed
339 1949 432 2006 genus
449 1931 544 2004 ipsum
558 1929 675 1991 videtis.
715 1931 784 1988 dam
800 1947 871 1986 vero
884 1929 936 1987 ius
949 1930 1040 1988 etiam

165 2033 292 2098 notiora,
306 2037 415 2106 quanto
441 2049 474 2090 se
501 2049 589 2106 opere
616 2032 784 2090 custodiant
809 2031 928 2100 bestiae,
956 2041 987 2091 ut
1008 2031 1040 2090 in

165 2113 250 2206 pastu
277 2111 533 2200 oirr'umsseotenn
564 2136 596 2188 ut
619 2131 651 2188 in
678 2131 823 2190 cubitibus
855 2131 1040 2190 detitescent.

169 2229 268 2301 Atque
283 2230 334 2284 itta
354 2230 508 2311 munditia.
550 2231 629 2302 Quid
655 2248 699 2296 ea,
723 2249 797 2307 quae
827 2249 927 2304 nuper,
942 2233 972 2318 id
995 2235 1040 2288 est
1052 2245 1096 2306 50

169 2326 271 2397 paucis
283 2331 351 2380 ante
360 2327 495 2390 saeculis,
503 2326 682 2382 medicorum
694 2328 820 2398 ingeniis
832 2337 945 2401 reperta
953 2329 1042 2390 sunt?

170 2420 334 2476 vomitione
348 2437 456 2488 canes;
471 2425 590 2492 purgata
605 2426 702 2476 autern
721 2420 742 2450 '³⁸
753 2424 837 2478 atvcs
846 2425 911 2482 ibes
924 2431 1044 2502 Aegyp·

171 2519 232 2576 tiae
246 2521 358 2574 curant,
400 2517 542 2576 Auditum
557 2525 611 2598 est,
628 2519 792 2589 pantheras,
805 2537 879 2594 quae
894 2522 924 2578 in
946 2525 1043 2600 berqu-

171 2617 216 2676 ria
239 2621 387 2674 venenata
408 2633 498 2674 carna
519 2623 701 2689 caperentur,
715 2618 874 2676 remedium
900 2623 1044 2694 quoddam

140 2787 143 2794 ²
170 2717 299 2785 habere3
333 2733 390 2791 quc
423 2732 491 2786 cnm
519 2721 618 2773 essent
647 2731 725 2785 usae,
752 2735 810 2775 non
844 2727 1043 2778 morerentur:

170 2833 274 2890 capras
295 2820 393 2874 autem
406 2814 438 2872 in
450 2815 539 2873 Oretn
560 2814 644 2880 teras,
657 2831 724 2872 cum
738 2823 835 2874 essent
848 2819 983 2876 confixae
997 2837 1047 2878 ve·

171 2914 289 2976 necatis
302 2914 425 2988 sagittis,
440 2916 559 2972 herbam
569 2932 717 2990 quaerere,
731 2933 804 2990 quae
816 2917 979 2976 dictamnus
991 2931 1044 2977 'vc-

172 3020 303 3082 caretum
332 3029 417 3088 quam
441 3031 508 3070 cnm
529 3014 736 3090 gustavissent,
763 3016 883 3090 sagittas
906 3020 1044 3078 excidere

173 3114 276 3172 dicunt
305 3129 474 3185 eccrpore.
526 3115 703 3187 cervaeque
723 3117 811 3187 panto
839 3123 907 3172 ante
933 3125 1044 3188 partum
1116 3133 1124 3148 ·

172 3219 349 3288 perpurgant
370 3229 402 3268 se
416 3213 539 3289 quadam
565 3212 695 3280 herbata,
708 3231 781 3285 quae
804 3214 915 3272 Sesetis
928 3217 1042 3276 dicitur.

204 3387 226 3420 ³⁸
239 3391 298 3436 nisos
316 3389 362 3434 ides
377 3387 498 3445 Aegyptios
517 3387 682 3448 renudatum
702 3401 819 3433 commune
838 3393 872 3435 est
888 3391 1004 3438 vcrniticni
1021 3399 1047 3442 et

175 3448 308 3506 purgationi.
324 3448 382 3492 torte
391 3455 414 3492 et
424 3447 611 3506 transponendum
629 3452 663 3492 ert
674 3453 725 3506 post
736 3447 861 3504 Aegyptiae.
873 3458 910 3495 aut
929 3451 1046 3510 legendum

176 3507 230 3552 clai.
242 3512 266 3552 ut
277 3506 369 3554 comitio
384 3515 407 3550 et
428 3506 532 3564 purgatio
541 3505 588 3553 alvi
601 3505 645 3554 sint
657 3507 799 3568 duc-diversa
809 3509 908 3558 remedia
917 3511 1044 3560 curationis.

177 3563 234 3612 urire
243 3564 266 3612 in
276 3565 299 3614 h.
310 3567 326 3614 1.
339 3565 426 3612 variant
437 3563 496 3610 iibri.
