2552 4208
465 371 565 424 moult
579 373 744 430 ouranos.
987 373 1051 450 ης

175 519 389 582 nihilnoceant
403 522 561 583 invidenti.
576 543 645 584 nam
656 527 682 584 sl
696 525 759 602 qum
777 523 876 587 dolam
887 526 950 603 ejus
963 533 1050 592 rebus
1144 576 1148 584 Ι

174 623 321 692 secundis,
335 640 424 698 aquo
445 624 508 697 ipae
523 627 662 693 laedatur,
677 645 736 684 non
750 635 829 686 recte
843 630 951 689 dicitur
972 631 1050 692 invi·

174 724 260 793 dere3
282 729 312 780 ut
340 723 366 779 ai
392 724 513 781 Hectori
540 728 733 802 Agamemno.
753 725 837 804 ”qui
865 739 971 798 autem,
998 729 1049 791 cui

173 821 292 879 alterius
316 825 468 880 commoda
497 825 571 882 nihil
587 833 723 895 noceant,
738 833 837 886 tamen
861 847 929 888 eum
948 831 1049 890 doleat

172 921 218 978 hia
243 921 309 988 irai,
328 921 483 982 isinvidet
505 925 643 998 prolecto.
688 927 858 986 Aemulatio
883 933 982 986 aulem
995 931 1047 988 du·

172 1020 290 1094 pliciter
302 1022 354 1080 illa
367 1025 483 1098 quidem
497 1025 613 1094 dicitur,
624 1031 655 1084 ut
669 1032 700 1084 et
714 1027 745 1084 in
760 1028 855 1094 laude,
869 1026 946 1084 etin
971 1027 1048 1086 vitio

172 1136 282 1179 nomen
296 1122 352 1180 hoc
366 1107 420 1180 sit.
445 1132 565 1182 namet
588 1125 714 1183 imitatio
739 1125 864 1192 virtutis,
888 1125 1048 1186 aemulatio

171 1219 294 1278 dioitur:
314 1222 366 1278 sed
380 1238 417 1278 aa
430 1224 503 1281 nihil
526 1226 584 1284 hoc
610 1228 676 1282 loco
689 1224 811 1294 utimum
832 1231 877 1284 eat
891 1227 970 1284 enim
986 1227 1045 1286 lau·

169 1320 234 1378 dis:
255 1327 285 1378 et
300 1327 345 1379 est
359 1323 525 1390 aemulatio,
545 1324 706 1397 aegritudo,
731 1325 757 1382 si
770 1341 817 1392 so,
839 1326 915 1400 quod
936 1342 1047 1386 conou-

170 1419 266 1493 pimit,
285 1421 362 1479 alius
373 1421 509 1494 potiatur,
521 1422 585 1495 ipse
598 1429 707 1480 careat.
748 1424 932 1482 Obtrectatio
945 1432 1046 1488 autem

169 1523 216 1574 est
229 1536 274 1585 ea,
297 1537 385 1595 quam
411 1520 538 1594 intelligi
552 1522 729 1595 zelotypiam
751 1525 829 1590 volo,
840 1524 990 1596 aegritudo
1003 1541 1045 1582 ex

170 1633 216 1684 eo,
230 1619 307 1691 quod
320 1619 395 1675 altar
413 1635 527 1692 quoque
541 1620 669 1692 potiatur
681 1637 726 1686 eo,
739 1622 816 1692 quod
831 1621 892 1692 ipse
905 1621 1044 1696 concupi·

169 1713 255 1773 verit.
298 1715 513 1785 Misericordia,
527 1725 571 1775 est
586 1719 738 1791 aegritudo
751 1737 789 1775 en
815 1719 933 1776 miseria
946 1719 1045 1780 alteri·

167 1833 210 1883 us,
224 1815 331 1892 injuria
348 1817 515 1876 laborantis.
528 1835 615 1875 nemo
629 1819 708 1875 euim
722 1819 894 1892 parricidae,
907 1824 957 1877 aut
979 1837 1042 1893 pro·

165 1915 269 1974 diteris
290 1917 435 1991 supplicio
454 1918 655 1976 misericordia
675 1923 885 1976 commovetur·
927 1919 1041 1994 Angor,

164 2017 316 2090 aegritudo
338 2035 484 2090 premens.
526 2017 636 2076 Luctus
661 2019 814 2092 aegritudo
836 2036 875 2075 ex
896 2017 968 2093 ejus,
988 2019 1040 2096 qui
1108 2045 1110 2053 ⁴

164 2129 248 2174 carus
262 2117 357 2185 luerit,
371 2116 490 2176 interitu
507 2120 623 2176 acerbo.
665 2117 791 2187 Maeror,
814 2119 966 2192 aegritudo
989 2119 1039 2178 fle·

164 2215 241 2274 bilia.
285 2209 444 2286 Aerumna,
457 2217 610 2292 aegritudo
633 2218 784 2275 laboriosa.
828 2219 930 2286 Dolor,
944 2219 1039 2294 aegri·

164 2316 392 2374 tudocrucians.
432 2317 630 2385 Lamentatio,
654 2317 805 2392 aegritudo
825 2335 892 2375 curn
916 2318 1036 2392 ejulatu.

165 2413 351 2482 Sollicitudo,
378 2415 529 2489 aegritudo
557 2433 626 2474 cum
656 2417 844 2491 cogitatione.
887 2417 1038 2489 Molealia,

164 2513 316 2587 aegritudo
346 2532 527 2587 permanens·
582 2515 754 2583 Afflictatio,
788 2515 938 2588 aegritudo
967 2533 1037 2578 cunt
1132 2507 1139 2526 ⁸

165 2610 325 2680 vexatione
350 2613 487 2686 corporis.
530 2614 713 2688 Desperatio,
728 2614 879 2688 aegritudo
897 2616 960 2672 sine
975 2618 1036 2674 ulla

162 2729 257 2769 rerum
271 2713 495 2786 exspectatione
510 2713 670 2774 meliorum.
713 2715 797 2786 Quae
811 2721 908 2772 aulem
922 2715 1035 2788 subjec-

162 2815 192 2867 ta
206 2817 272 2869 sunt
283 2813 335 2869 sub
351 2817 438 2879 melu,
452 2831 489 2869 ea
501 2813 545 2870 sic
559 2814 703 2870 definiunt
717 2832 724 2868 ε
748 2810 909 2886 Pigritiam,
924 2821 1035 2886 metum

162 2911 366 2985 consequentis
395 2913 509 2970 laboris.
548 2911 725 2970 ”Pudoreru
745 2918 774 2968 el
803 2919 950 2980 terrorem,
970 2930 1030 2970 me·
1134 2928 1136 2934 ¹

161 3015 222 3068 tum
239 3010 467 3078 concutientem,
479 3030 517 3068 ex
532 3030 588 3087 quo
612 3011 653 3080 til,
670 3017 701 3069 ul
713 3001 850 3086 pudorem
863 3014 956 3078 rubor,
979 3019 1035 3070 ter·

159 3127 253 3168 rorem
274 3111 374 3184 pallor,
389 3117 418 3168 et
434 3117 550 3179 tremor,
570 3117 599 3169 et
620 3111 752 3170 dentium
778 3112 905 3184 crepitus
931 3129 1032 3170 conse·
1076 3151 1081 3160 -

159 3217 278 3286 quatur:
322 3211 482 3279 Timorem,
517 3217 625 3270 metum
655 3213 725 3270 mali
751 3212 1032 3288 appropinquantis:

186 3363 210 3435 ξ’
223 3366 263 3425 qui
271 3369 353 3422 numm,
365 3367 404 3414 cai
413 3393 421 3402 ·
430 3394 437 3401 -
446 3365 508 3414 uidit
517 3369 618 3430 meconi]
634 3367 711 3416 durius
721 3365 775 3414 mihi
787 3366 876 3414 videtur
886 3367 934 3414 hoa
954 3367 1033 3416 malim

157 3438 227 3483 quta.
243 3439 301 3472 com.

185 3503 209 3536 ²⁶
224 3503 339 3550 Pudrrem
358 3507 521 3568 attererem]
563 3506 678 3554 Parciorem
698 3507 720 3552 in
743 3506 792 3552 edd.
815 3507 861 3552 lere
880 3505 969 3553 excidit.
990 3505 1031 3554 sed
1086 3539 1090 3560 .

155 3559 233 3608 abeam
251 3577 294 3610 nou
314 3571 396 3626 potest.
416 3581 467 3613 nam
484 3571 509 3613 et
525 3579 592 3627 supra
606 3565 734 3625 adjungitur
749 3566 837 3624 terrori,
854 3571 878 3614 ct
896 3581 1032 3629 romaqueus

156 3623 264 3681 postrrlat.

197 3719 268 3760 rou.
290 3721 344 3760 xv.
596 3706 633 3762 15
