2548 4208
209 311 274 374 240
474 303 610 354 TUSCUL.
630 303 873 360 QUAHTIONUM

209 455 286 514 sidia
298 453 428 512 anteum
453 455 622 512 infecimus:
642 455 838 528 opinionibus,
852 458 987 532 maioque
1002 473 1083 518 mors

209 553 363 612 definitum
377 555 564 612 mottivinsus.
608 556 822 628 Aegyptiorum
840 573 950 614 morem
963 559 1027 630 quis
1041 557 1082 632 ig·

209 653 314 713 norst?
334 671 452 728 quorum
466 653 594 712 imbutae
608 665 722 712 mentes
741 653 913 726 ⁶pravitatis
931 655 1084 726 erroribus,

209 753 342 830 quumvis
355 753 557 811 carnificinam
571 755 648 826 prius
659 755 810 820 subierint,
830 772 917 828 quern
932 756 1013 822 ibim,
1032 759 1084 814 sut

209 853 350 924 aspidem.
365 860 415 912 nut
438 853 534 919 fetens,
554 861 604 910 aut
625 869 741 919 canem,
754 861 804 910 aut
828 855 1006 912 orooodiiusn
1023 853 1084 912 vio·

209 953 289 1010 fonte
304 969 423 1026 quorum
437 954 526 1010 etium
540 953 566 1008 si
580 954 777 1026 imprudentes
786 953 935 1028 quippiam
949 952 1084 1022 fecerint,
1179 951 1185 972 '

210 1047 336 1126 poenum
364 1056 474 1110 nuttam
506 1059 650 1110 renusent.
692 1052 739 1110 De
773 1052 939 1110 homiuibus
973 1056 1083 1127 loquor.

211 1151 279 1227 quid
294 1149 427 1209 bestiae?
448 1169 506 1210 non
518 1153 616 1224 frigus,
627 1169 684 1209 uon
696 1153 812 1219 famem,
826 1169 884 1210 non
900 1153 1084 1226 montivagos

210 1256 298 1324 atque
331 1252 482 1308 silvestres
508 1269 608 1310 oursus
635 1251 877 1325 lustrationesque
910 1252 1058 1324 patiuntur
1072 1247 1111 1310 i.

211 1366 335 1422 noupro
348 1366 401 1406 suo
415 1357 495 1423 partu
515 1349 578 1406 “ita
603 1357 794 1424 propugnant,
816 1357 848 1408 nt
863 1353 981 1408 vulnere
1001 1347 1085 1406 euni·

190 1445 318 1523 ,pienti
352 1452 448 1507 nntius
476 1451 609 1522 impetus,
639 1452 732 1508 nultos
760 1451 836 1508 iotus
870 1444 1084 1508 reformident?

212 1549 326 1616 omitto,
339 1566 414 1623 quae
438 1549 591 1623 perferant,
604 1566 734 1624 quaeque
759 1549 905 1624 patiantur
928 1547 1086 1617 ambitiosi,

211 1647 331 1706 honoris
339 1666 446 1706 neusa:
468 1650 560 1706 fandis
571 1649 702 1715 studiosi,
714 1647 725 1680 ⁷
735 1648 846 1723 gforiee
860 1648 972 1722 gratia:
987 1664 1085 1706 amoro

159 1753 201 1811 28
213 1747 338 1814 ineensi,
350 1748 529 1820 cupiditatis.
545 1751 633 1820 piens
647 1749 710 1806 vito
719 1751 918 1821 exemplorum
928 1752 982 1804 est.
1025 1746 1086 1804 Sed

212 1847 351 1906 udhibeat
364 1847 458 1903 oratio
471 1848 597 1913 modum,
608 1853 638 1904 st
652 1849 752 1905 redeat
765 1851 846 1914 idun,
865 1841 961 1904 ⁸unde
976 1845 1086 1904 dedux-

213 1945 247 2002 it.
290 1945 390 2002 Danti.
405 1944 495 2011 dabit,
509 1945 636 2020 iuquam,
650 1965 682 2004 se
697 1947 727 2004 in
743 1952 887 2006 tormenta
903 1946 965 2004 vita
977 1947 1082 2001 beatas

214 2059 271 2102 neo
286 2044 440 2116 justitiam,
455 2047 686 2117 temperantium,
710 2045 742 2104 in
764 2048 922 2122 primisque
947 2042 1086 2102 fortitudi-

214 2159 293 2208 nem,
316 2142 547 2216 magnitudinem
570 2144 670 2210 animi,
702 2141 895 2217 ⁹patientium
923 2150 1087 2219 proseouts,

215 2259 282 2300 oum
297 2243 413 2298 tortoris
436 2260 468 2298 os
491 2243 605 2308 viderit,
620 2244 778 2300 consistet:
795 2244 1012 2318 ,virtutibusque
1026 2259 1087 2300 om·

208 2340 301 2400 'nibus
314 2340 379 2397 sine
400 2343 461 2398 utto
474 2341 565 2399 animi
580 2349 688 2400 terrore
702 2345 738 2400 ad
759 2343 919 2402 eruoistum
942 2343 1087 2418 profantis,

216 2441 332 2498 resistet
346 2449 430 2498 extra
443 2443 527 2510 fores,
548 2439 594 2514 (ut
607 2449 677 2500 ante
696 2440 773 2519 dixi)
794 2429 940 2518 limenque
951 2442 1087 2500 cerneris.

216 2541 285 2616 qnid
299 2539 378 2599 enim
402 2559 438 2598 ea
465 2542 585 2610 foedius,
613 2543 681 2616 quid
709 2543 864 2600 deformius
886 2545 947 2598 sois
975 2545 1088 2610 relicta,

217 2641 356 2698 comitutu
372 2642 544 2714 pulcerrimo
554 2639 728 2716 segregata?
747 2644 822 2716 quod
838 2650 935 2698 tamen
951 2641 1012 2698 tisri
1026 2642 1096 2698 nul-'-

216 2741 248 2798 lo
262 2747 347 2829 paeto
362 2747 465 2814 potest.
487 2741 638 2798 nonenim
653 2741 774 2798 virtutes
785 2742 848 2798 sine
865 2743 950 2798 beata
966 2739 1027 2796 vita
1040 2756 1089 2796 co·

218 2839 338 2896 haerere
350 2845 478 2914 possunt,
493 2859 547 2898 neo
562 2841 614 2898 ida
627 2841 691 2898 sine
701 2840 863 2928 virtutibus,
906 2841 1008 2913 ltaque
1023 2853 1089 2895 eam
1120 2915 1122 2920 ,

249 2993 260 3026 ⁵
271 2994 388 3050 metiaris
398 2996 528 3055 meridiari
560 2995 664 3044 Davisius
671 2994 755 3052 mund.
776 2994 898 3053 Vuigstum
909 2993 1010 3040 defendit
1019 2991 1089 3053 Wop-

219 3053 307 3100 kendus
318 3053 381 3100 leet.
391 3055 453 3100 Tull.
468 3055 485 3108 i,
495 3057 530 3102 2⁰.

249 3133 261 3166 ⁶
274 3132 307 3178 ite
315 3133 474 3192 propugnant]
507 3131 608 3180 Davisius
618 3131 690 3178 edidit
696 3137 807 3190 pag-rarat,
819 3133 857 3180 sed
868 3137 891 3179 et
901 3131 956 3180 stibi
965 3132 1053 3188 Cicero,
1063 3133 1090 3177 ut

220 3191 267 3248 alii,
274 3193 328 3238 dixit
337 3205 478 3250 propag-anre
485 3205 533 3247 pro.

250 3271 360 3329 *gloriae
373 3272 456 3328 gratini
487 3270 585 3331 quidem,
604 3271 672 3316 etiarn
689 3271 801 3330 Davisius,
815 3272 891 3330 grotin
910 3272 988 3318 delent
1006 3270 1089 3332 placet.

220 3345 272 3377 sam
282 3337 361 3391 etpost
372 3330 499 3386 cupiditatis
508 3331 567 3376 uude
576 3331 673 3390 ponitur.

249 3410 260 3442 ⁸
275 3406 452 3472 tandemsed]
484 3409 531 3457 Me.
542 3409 615 3456 Guelf.
627 3411 662 3458 ed.
682 3411 745 3456 funt.
767 3411 871 3472 dpfinnit,
887 3411 946 3472 quod
957 3415 991 3457 est
1001 3410 1091 3468 elegen·

220 3467 273 3514 tius.
283 3468 360 3528 itaque
370 3469 449 3530 recepi.
481 3470 518 3516 Sic
527 3477 550 3516 et
560 3469 613 3514 aiibi
623 3470 710 3527 Cicero,
722 3475 746 3516 ut
762 3471 827 3518 Tnsc.
838 3473 855 3525 f,
866 3475 901 3518 25.

250 3547 406 3601 aperiendam
418 3550 539 3610 prosecute]
556 3555 580 3594 et
599 3563 633 3595 res
649 3550 713 3608 jubet
733 3553 808 3607 legere
824 3551 954 3607 patientium
972 3563 1014 3610 pro
1028 3546 1089 3608 vulg.

219 3605 330 3663 pudende
337 3611 360 3651 et
370 3607 427 3655 Mss-
439 3608 562 3668 quidsmid
570 3607 662 3670 hebent,
671 3612 725 3659 item
735 3613 786 3660 edd.
797 3617 863 3670 vett,
874 3617 898 3659 ut
907 3609 970 3656 funt.
981 3608 1035 3658 ΑΜ.
