2558 4198
455 317 459 328 ·
502 307 602 360 ursas
616 297 749 359 surmus.
996 315 1062 378 m

184 453 268 522 sione
279 463 442 519 atomorum
456 457 644 534 sempiterne,
655 473 778 533 oumqus
792 471 831 516 ex
845 456 910 534 ipso
920 451 1064 536 imagines

184 559 332 635 ’semper
345 561 474 619 affluant.
516 560 564 618 lta
584 575 642 618 neo
666 559 768 618 beatus
791 564 836 617 sat
860 566 959 619 vester
980 561 1061 630 deus,

186 681 242 722 neo
256 669 401 718 aeternus.

187 767 201 817 ,“
228 759 375 819 Atellam
395 761 433 816 de
458 758 624 826 sanctitate,
649 758 687 816 ds
701 757 968 843 pietalsarlversus
982 760 1063 830 deos,

185 859 276 918 libros
291 859 406 932 scripsit
422 859 572 932 Epiourus.
615 859 657 916 At
671 876 728 934 quo
751 861 838 918 modo
861 859 952 917 inhia
973 857 1064 934 loqui·

186 957 256 1016 tur?
297 966 327 1015 ut
358 959 586 1028 Coruncanium,
614 964 664 1016 aut
694 959 881 1026 Scaevolam,
909 957 1063 1031 pontilioss

186 1057 339 1122 maximos,
355 1063 383 1115 ts
408 1058 507 1116 audire
533 1059 639 1116 dieas:
660 1075 720 1115 non
741 1074 817 1123 eum,
838 1056 888 1131 qui
915 1056 1064 1114 sustulerit

185 1176 305 1216 omnem
320 1160 446 1216 funditus
461 1159 653 1233 religionem:
674 1174 730 1217 neo
757 1157 900 1226 manibus,
913 1163 945 1215 ut
968 1158 1063 1216 Xarx-

188 1277 239 1327 ss3
261 1261 310 1315 sert
335 1258 502 1327 rationibus,
525 1261 645 1316 deorum
673 1257 880 1316 immortalium
900 1260 1018 1332 templa,
1032 1259 1064 1314 et

186 1375 250 1416 aras
266 1358 415 1415 everterit.
458 1357 537 1428 Quid
550 1363 596 1414 est
610 1357 700 1421 enirn,
716 1373 768 1414 our
789 1357 860 1415 deos
884 1360 921 1414 ab
939 1355 1063 1414 homini·

186 1457 239 1515 bus
262 1459 402 1514 colendos
421 1457 512 1522 dicas,
526 1474 593 1514 oum
608 1457 651 1513 dii
669 1475 728 1514 non
745 1459 832 1515 modo
856 1456 988 1514 homines
1003 1473 1063 1514 non

186 1559 296 1620 nolant,
317 1559 367 1612 sert
389 1555 510 1612 omnino
532 1556 603 1611 nihil
627 1561 741 1622 curent,
766 1555 840 1612 nihil
866 1552 978 1629 agant?
1020 1556 1063 1612 at

187 1662 232 1712 est
252 1675 352 1712 eorum
373 1657 483 1713 eximia
508 1655 660 1728 quasdam,
686 1660 891 1729 praestansque
906 1660 1017 1720 natura,
1031 1658 1063 1712 ut

186 1773 224 1814 aa
238 1757 344 1813 debeat
363 1756 426 1829 ipsa
445 1774 495 1828 per
508 1771 540 1811 se
554 1755 591 1811 ad
607 1773 639 1810 aa
653 1753 807 1812 colendam
823 1755 931 1812 elicere
949 1753 1063 1827 sapien-

185 1857 254 1914 tam.
299 1856 348 1912 An
363 1855 518 1930 quidquam
540 1855 683 1912 eximium
699 1859 794 1928 potest
808 1872 872 1912 esse
886 1853 916 1911 in
931 1871 967 1911 ea
982 1859 1063 1912 nalu-

185 1970 314 2030 ra,quae
340 1972 392 2012 sua
418 1957 567 2028 voluptate
583 1957 705 2022 laetans,
731 1955 805 2014 nihil
830 1971 886 2012 neo
899 1960 999 2012 notura
1023 1953 1062 2012 sit

187 2070 333 2128 umquam,
356 2073 450 2129 neque
472 2065 552 2130 agar,
581 2073 688 2129 neque,
704 2052 818 2128 egerit?
859 2055 942 2128 Quae
971 2035 1061 2129 'porro

184 2153 278 2228 pietas
289 2154 330 2212 'ei
357 2157 487 2223 debetur,
511 2173 600 2231 aquo
629 2154 702 2213 nitril
714 2173 716 2178 ’
728 2152 902 2228 aooeqrerls?
922 2157 971 2212 aut
991 2153 1061 2226 quial

184 2254 314 2320 omnino,
327 2256 411 2327 eujus
431 2257 540 2312 nullum
556 2255 690 2312 meritum
711 2255 759 2322 ait,
780 2257 809 2313 ei
830 2254 930 2312 debari
945 2249 1061 2326 polest?

185 2361 231 2410 est
253 2352 335 2408 euim
351 2353 453 2424 pietas,
467 2353 584 2424 justitia
599 2355 753 2409 advorsum
767 2355 857 2411 aleos:
877 2371 943 2412 curn
958 2354 1061 2429 quibus

187 2449 256 2524 quid
271 2455 366 2521 potest
382 2450 465 2506 uobis
479 2467 544 2506 esse
560 2451 647 2522 juris,
674 2468 741 2506 oum
767 2451 879 2508 homini
900 2455 979 2510 nulla
993 2469 1061 2511 oum

189 2549 246 2605 aleo
274 2529 313 2602 sit
341 2546 557 2606 communitas?
578 2549 719 2606 sanctitas
742 2556 849 2613 antam,
870 2557 914 2605 est
935 2552 1061 2610 solantia

186 2648 375 2705 colendorum
399 2647 536 2704 deornm:
558 2648 606 2722 qui
631 2651 818 2723 quamobrem
843 2649 960 2706 colandi
985 2653 1060 2718 sunt,

186 2764 246 2832 non
260 2747 404 2821 intelligo,
429 2749 509 2805 nullo
530 2765 586 2804 neo
609 2756 733 2822 accepto
758 2751 794 2804 ab
808 2749 853 2815 iis,
870 2767 924 2806 neo
944 2755 1060 2823 sperato

93 2873 97 2886 ·
185 2846 272 2928 ttono.
315 2846 393 2918 Quid
414 2853 457 2903 est
469 2839 576 2912 autem,
587 2847 663 2920 quod
676 2849 746 2904 deos
764 2866 935 2906 veneremur
946 2855 1061 2922 propter
1070 2851 1112 2914 42

185 2945 409 3004 admirationem
429 2945 491 3019 ejus
520 2952 649 3013 naturae,
670 2946 701 3004 in
726 2965 781 3022 qua
810 2949 957 3024 egregium
986 2949 1060 3008 nihil

96 3091 101 3104 ,
185 3041 346 3103 videmus?
385 3045 463 3102 Nam
487 3041 790 3122 superstitione,quorl
813 3047 929 3121 gloriari
950 3049 1060 3118 soletis,
1133 3121 1143 3132 ι

184 3143 273 3202 laoile
287 3151 331 3201 ast
346 3143 472 3211 liberari,
486 3162 553 3202 oum
564 3146 713 3204 sustuleris
727 3163 843 3204 omnam
857 3147 915 3204 vim
930 3147 1059 3206 (tenram.

186 3242 255 3302 Nisi
279 3243 351 3300 lorte
378 3243 549 3320 Diagoram,
572 3252 621 3302 aut
644 3245 841 3311 Theodorum,
863 3246 911 3320 qui
939 3251 1059 3307 omnino

184 3343 256 3400 deos
270 3361 335 3400 essa
361 3347 514 3418 negabant,
529 3363 633 3402 censes
658 3343 871 3419 superstitiosos
892 3364 956 3403 esse
980 3357 1059 3420 polu-

185 3440 253 3500 isse.
295 3443 360 3518 Ego
393 3463 432 3502 ne
462 3445 650 3520 Protagoram
684 3442 819 3518 quidem:
847 3443 895 3500 oui
927 3455 1058 3507 neutrum

215 3600 240 3635 Ἄ
252 3615 337 3662 sospes
345 3603 447 3669 affluam]
464 3621 493 3655 ss.
505 3606 534 3654 ad
544 3622 592 3668 nos,
601 3607 660 3670 quod
671 3607 725 3656 addi
733 3607 824 3657 volebat
833 3608 961 3658 maninus.
1006 3605 1009 3612 '
