3354 4234
659 343 702 403 ιο
895 321 1288 390 ruscsmuusnsrronuu

660 489 711 542 sut
731 483 926 560 eloquentiam
940 484 1003 542 siue
1016 483 1139 558 quedem
1153 484 1185 541 ri
1205 481 1314 556 majore
1329 477 1427 549 fluere,
1441 481 1532 542 ebun-

660 585 698 641 dn
722 591 780 642 tem
811 584 979 642 sonantibus
1007 581 1114 648 verbis,
1144 581 1334 654 uberibusque
1365 579 1529 644 sententiis.

660 682 687 742 P
730 679 849 754 osoptsie
874 697 954 748 vero,
981 681 1110 739 omnium
1134 686 1227 738 muter
1252 681 1366 748 artium,
1392 677 1532 754 quidest

660 777 748 849 siiud,
760 780 825 848 nisi,
835 784 866 837 ut
881 780 966 838 Pisto
980 779 1031 848 sit,
1045 781 1161 838 donum.
1175 783 1207 836 ut
1220 797 1284 854 ego,
1295 779 1450 836 inventum
1463 780 1531 838 deo·

658 877 746 938 sum?
787 880 870 937 Haec
896 897 949 936 nos
971 878 1094 952 primum
1108 880 1145 936 nd
1159 878 1275 937 illorum
1289 879 1410 946 cultum,
1423 877 1531 946 deinde

658 979 697 1036 ad
714 978 765 1054 jus
779 976 937 1044 hominum,
958 978 1033 1053 quod
1048 977 1135 1036 situm
1154 981 1200 1035 est
1221 977 1252 1036 in
1274 977 1390 1052 generis
1411 975 1531 1036 hnmani

658 1080 809 1147 societate,
824 1085 885 1138 tum
897 1080 933 1136 ed
946 1078 1127 1144 modestiam,
1139 1077 1426 1152 magnitudinemque
1438 1073 1530 1134 enimi

659 1178 803 1238 erudivit:
825 1179 984 1253 eademque
1007 1180 1045 1234 ab
1064 1177 1173 1245 animo,
1196 1181 1342 1252 tamquam
1369 1177 1406 1233 nb
1425 1173 1529 1244 ocutis,

660 1276 818 1349 ealiginem
842 1276 970 1349 dispulit.
990 1279 1023 1332 ut
1046 1275 1145 1332 omnin
1171 1289 1283 1348 supere,
1310 1275 1412 1343 infers,
1426 1273 1529 1350 prims,

660 1373 773 1441 ultime,
782 1375 877 1434 media
892 1375 1067 1432 videremus.
1109 1375 1227 1432 Prorsus
1242 1376 1316 1434 hsen
1329 1374 1432 1432 divina
1455 1369 1529 1430 mihi

660 1471 778 1531 ridetur
791 1474 846 1542 vis,
860 1491 934 1548 quse
959 1478 1001 1535 tot
1023 1473 1197 1542 rescindat,
1218 1482 1248 1532 et
1269 1479 1374 1533 tsntns.
1397 1473 1531 1549 quidest

659 1571 738 1630 enim
752 1573 889 1632 memoris
904 1592 1007 1642 rerum,
1016 1577 1046 1632 et
1056 1573 1230 1632 verborum?
1249 1573 1317 1650 quid
1330 1589 1414 1647 porro
1424 1571 1528 1630 inven-

658 1670 723 1731 tio?
744 1674 872 1746 proiecto
890 1673 931 1741 id,
945 1692 1002 1747 quo
1022 1689 1078 1730 see
1092 1673 1124 1730 in
1138 1674 1195 1730 deo
1208 1673 1364 1747 quidquam
1379 1671 1471 1748 majus
1484 1669 1528 1730 in·

658 1771 869 1845 tettigipntest.
884 1771 1041 1828 nonenim
1062 1768 1206 1828 umbrosis
1224 1769 1307 1836 deos,
1328 1775 1377 1827 sut
1398 1776 1527 1842 uenture,

578 1891 586 1904 ·
658 1867 727 1926 'sut
740 1870 758 1925 J
762 1871 901 1926 uventats
921 1869 1028 1940 penula
1047 1865 1258 1934 'ministrante
1271 1869 1372 1926 laetari
1386 1870 1525 1927 arbitrorr

659 1985 716 2025 nen
736 1968 894 2026 Homerum
909 1965 1004 2034 sudio,
1018 1964 1067 2040 qui
1082 1964 1284 2038 Ganymedem
1304 1967 1392 2026 ediis
1412 1973 1527 2043 ruptum

554 2097 557 2104 ·
660 2067 702 2122 sit
726 2070 841 2139 propter
854 2066 984 2132 formam,
1008 2069 1038 2121 ut
1058 2063 1128 2122 Jovi
1145 2065 1242 2122 bibere
1256 2066 1440 2124 ministraret.
1465 2080 1526 2126 non

653 2166 733 2238 justu
747 2182 844 2232 causa,
853 2182 903 2222 cur
912 2162 1106 2222 Laomedonti
1120 2168 1200 2222 tantu
1213 2165 1295 2222 tieret
1305 2165 1421 2239 injuria.
1436 2166 1526 2240 tinge·

659 2265 709 2320 bet
723 2263 796 2325 haee
813 2264 966 2348 Humerus,
979 2267 1010 2320 et
1033 2263 1159 2323 humens
1172 2264 1209 2320 ud
1230 2265 1302 2322 deos
1324 2263 1524 2322 transferebat.

658 2360 761 2418 divina
775 2364 892 2420 matters
919 2363 956 2420 ad
979 2379 1041 2420 nos.
1055 2379 1127 2437 quae
1149 2367 1246 2420 nutem
1269 2360 1394 2421 divine?
1415 2364 1525 2437 vigere,

659 2477 769 2532 sapere,
793 2461 936 2530 invenire,
957 2461 1131 2520 meminisse.
1172 2460 1269 2536 'Ergo
1294 2461 1416 2531 enimus,
1438 2457 1524 2541 [qui]

659 2563 689 2616 ut
704 2576 758 2634 ego
781 2561 859 2626 dico,
878 2561 996 2620 divinus
1019 2567 1074 2631 est,
1088 2567 1119 2619 ut
1132 2561 1285 2633 Euripides
1304 2565 1390 2620 sudet
1416 2564 1525 2632 diuers,

657 2659 746 2716 eleut:
767 2664 798 2716 ei
822 2659 936 2733 quidem
950 2661 977 2714 si
999 2661 1080 2724 deus,
1101 2665 1151 2713 urst
1171 2659 1279 2723 anime,
1300 2666 1349 2712 sut
1370 2661 1447 2730 ignis
1471 2667 1524 2728 est,

657 2756 736 2813 idem
751 2760 794 2814 est
804 2756 916 2815 unimus
932 2755 1066 2814 hominis.
1081 2772 1149 2813 num
1164 2759 1195 2812 ut
1209 2755 1260 2812 itta
1272 2759 1374 2812 natura
1388 2757 1524 2818 caelestis

658 2860 687 2911 et
699 2861 773 2912 terra
792 2862 887 2925 venat,
898 2861 926 2914 et
938 2860 1073 2916 humore:
1094 2855 1138 2913 sie
1153 2854 1299 2930 utriusque
1313 2855 1413 2912 harum
1427 2873 1522 2915 rerum

656 2955 797 3014 numanus
820 2957 936 3013 unimus
956 2959 1002 3013 est
1025 2945 1139 3028 expers.
1163 2953 1210 3012 siu
1237 2959 1334 3011 nutem
1355 2959 1400 3012 est
1421 2955 1524 3030 quintu

685 3132 698 3166 ⁷
710 3139 751 3181 unt
759 3130 888 3190 Iuventus]
903 3133 943 3175 aut
952 3127 1046 3174 delebat
1055 3127 1186 3186 Bentiejus3
1200 3141 1245 3174 non
1255 3127 1384 3176 necessario.
1395 3128 1439 3176 tris
1449 3131 1521 3192 pouit,

655 3191 732 3254 quibus
741 3194 880 3240 laetarentur
890 3188 930 3244 dii,
938 3187 1056 3244 ambrosia,
1067 3190 1158 3234 nectare
1167 3191 1190 3232 et
1196 3187 1327 3242 ,iuventute

684 3273 694 3304 ⁸
708 3269 859 3328 ministrante]
876 3265 966 3314 memini
979 3281 1006 3312 ex
1016 3266 1038 3312 h.
1049 3265 1066 3311 l.
1077 3264 1142 3311 citari
1149 3265 1274 3312 administr.
1285 3273 1310 3312 et
1319 3265 1342 3312 id
1352 3266 1443 3314 verbnm
1454 3268 1524 3328 inpri-

654 3329 696 3375 mis
706 3331 735 3376 de
745 3328 856 3390 pincernis
864 3326 946 3372 dieitur
958 3341 978 3372 r.
988 3325 1054 3371 Clas.
1065 3324 1117 3369 intr.
1130 3339 1150 3370 v.
1161 3325 1178 3371 si
1189 3325 1293 3386 scripturn
1302 3326 1343 3372 tuit
1351 3327 1524 3375 administrante

654 3387 725 3436 tacitis
735 3402 798 3432 error
807 3386 855 3432 suit.
868 3389 902 3432 est
916 3385 939 3431 iu
947 3385 997 3432 edd.
1009 3399 1044 3446 pr.
1055 3382 1113 3430 ven.
1128 3383 1190 3430 Med.
1203 3385 1265 3431 dunt.
1276 3389 1318 3432 etc.

684 3466 695 3498 ⁰
711 3465 773 3522 Ergo
782 3465 879 3520 animus,
890 3464 929 3523 qui
973 3463 1068 3510 diuinus
1077 3464 1116 3534 est]
1127 3463 1167 3523 qni
1177 3463 1239 3510 delet
1248 3463 1397 3511 Vallrenerius
1405 3465 1433 3511 sd
1442 3465 1521 3524 fragm.

655 3519 732 3590 Eurip.
743 3539 765 3590 p.
777 3527 827 3573 238.
839 3524 904 3582 bene,
914 3537 999 3588 opinor.
1008 3524 1048 3572 sed
1065 3538 1096 3572 sic
1103 3538 1149 3584 prm
1159 3523 1244 3586 placuit
1254 3523 1361 3573 Manutio
1370 3528 1395 3572 et
1405 3523 1521 3592 Lambinus.
