2548 4208
227 347 292 410 214
468 337 602 390 TUSCUL.
619 335 862 392 Quaestionum

227 506 313 566 quem
327 488 403 546 bene
424 487 543 557 fateare,
567 505 633 546 eum
659 505 765 563 negare
785 488 871 544 110010
890 469 1016 542 virere?
1056 471 1110 542 A?

229 587 340 661 Quidni
374 585 507 662 possim?
541 603 609 645 nam
636 587 726 644 etiam
760 587 791 644 in
819 583 970 642 tormentis
1006 587 1097 652 reete,

227 686 362 754 honeste,
375 686 568 752 laudabiliter,
582 693 612 743 et
626 688 664 742 ob
677 703 741 741 eam
753 702 813 742 rem
829 687 902 741 bene
915 682 978 739 vivi
993 685 1097 756 polest,

227 786 388 844 dummodo
414 785 571 860 intelligas,
595 784 663 858 quid
692 801 769 840 nuno
796 783 893 840 slioam
918 784 1003 838 110110.
1030 781 1098 836 dico

228 886 318 953 enim,
331 889 510 951 constanter,
523 884 661 958 graviter,
675 883 830 955 sapienter,
851 881 971 940 sortiter.
1012 881 1097 938 liaeo

229 971 318 1043 eliam
331 985 363 1042 in
377 986 530 1059 equuleum
551 983 756 1058 conjiciuntur,
777 998 834 1054 quo
849 981 911 1037 vila
932 998 990 1038 non
1006 977 1098 1052 adspi-

228 1088 274 1142 rat
291 1085 386 1140 beata
442 1081 485 1139 M.
508 1081 585 1154 Quid
611 1077 725 1156 igilur?
765 1081 866 1137 solane
901 1082 986 1136 beata
1025 1079 1097 1146 vita,

229 1199 345 1256 quaeso,
366 1180 536 1255 relinquitur
557 1186 642 1238 extra
665 1179 771 1237 ostium
795 1179 940 1252 limenque
964 1177 1099 1244 earoeris,

229 1296 297 1338 oum
323 1281 499 1346 constantia,
524 1279 662 1354 gravitas,
689 1279 835 1344 tortitudo,
858 1275 1011 1350 sapientia,
1033 1275 1099 1332 reli·

229 1395 361 1454 quaeque
385 1377 507 1435 virtutes
530 1377 677 1451 rapiantur
700 1379 737 1434 arl
761 1382 905 1441 tortorem,
930 1376 1099 1447 nullumque

229 1481 366 1536 recusent
390 1494 446 1535 neo
467 1477 651 1550 supplicium,
673 1493 729 1532 neo
753 1471 903 1533 dolorem?
938 1475 975 1531 A.
998 1472 1099 1538 'Puni

230 1577 298 1652 quid
312 1595 344 1634 es
359 1578 494 1644 lecturus,
508 1594 587 1634 nova
598 1576 694 1650 aliqua
707 1574 860 1649 conquiras
874 1578 996 1647 oportet.
1038 1573 1099 1629 lsta

230 1693 278 1735 ma
293 1677 413 1734 minime
427 1681 558 1743 movent,
572 1693 631 1733 non
643 1678 735 1732 solum
749 1675 816 1748 qnia
831 1675 1000 1746 pervulgata
1022 1675 1099 1739 sunt,

230 1776 282 1833 sed
297 1777 387 1832 multo
401 1775 501 1848 magis,
516 1775 593 1848 quia,
607 1780 752 1849 tamquam
773 1773 851 1830 levia
872 1775 1012 1847 quaedam
1027 1771 1099 1828 vina

230 1872 307 1930 nihil
319 1874 420 1930 valent
430 1874 460 1928 in
475 1890 558 1946 aqna,
572 1873 615 1930 sio
626 1873 789 1930 Stoioornm
802 1872 857 1928 isla
871 1871 961 1946 magia
976 1875 1099 1943 gustata,

230 1987 317 2044 quam
333 1975 432 2042 potata
446 1972 605 2027 delectant.
647 1971 739 2028 Velut
755 1973 810 2028 iste
831 1971 935 2028 chorus
950 1971 1098 2035 virtulum,

230 2068 270 2146 in
302 2070 455 2142 equuleum
488 2069 648 2140 impositos,
675 2070 817 2143 imagines
851 2069 1003 2127 constituit
1029 2071 1098 2124 ante

230 2168 331 2224 oeulos
345 2183 412 2224 oum
434 2167 612 2239 amplissima
632 2167 786 2240 dignitate,
811 2175 841 2225 ut
855 2171 892 2224 arl
917 2186 967 2224 eas
992 2166 1097 2224 cursim

208 2343 211 2350 Ι
231 2270 397 2340 perrectum
411 2268 495 2322 beata
510 2266 581 2332 vita,
605 2283 661 2322 neo
680 2284 761 2324 ensa
780 2286 811 2325 se
832 2271 960 2325 desertae
982 2281 1099 2339 passura

231 2365 375 2422 videatur.
389 2382 457 2422 oum
471 2371 569 2422 aulem
584 2365 713 2422 animum
724 2369 761 2422 ab
775 2367 831 2424 ista
845 2368 957 2440 piotura
969 2365 1099 2438 imagini·

231 2465 341 2538 busque
368 2463 517 2532 virtutum,
541 2466 576 2521 ad
602 2483 662 2523 rem
690 2466 900 2540 veritatemque
928 2467 1097 2530 traduxeris‚
1144 2469 1147 2472 ’

230 2561 253 2596 ¹⁷
261 2563 318 2620 hoo
342 2565 449 2622 nudum
475 2563 654 2639 relinquitur,
676 2565 805 2638 possitne
826 2565 889 2639 quis
904 2568 1005 2622 beatus
1025 2583 1099 2632 esse,

232 2663 368 2738 quamdiu
379 2668 550 2737 torqueatur.
593 2664 787 2735 Quamobrem
808 2665 865 2722 hoo
886 2661 963 2722 nuno
983 2681 1100 2738 quaera-

230 2779 313 2820 mus:
325 2742 457 2819 ‘virtutes
471 2767 579 2830 aulem,
593 2762 655 2820 noli
677 2763 781 2830 vereri,
802 2782 839 2820 ne
853 2766 1049 2836 expostulent,
1069 2766 1100 2820 01

218 2866 405 2936 'quaerantur
418 2877 450 2918 se
471 2879 488 2920 a
511 2863 596 2919 beata
620 2863 684 2920 vita
705 2881 770 2920 esee
794 2864 922 2921 relictae.
965 2863 1000 2920 Si
1020 2863 1100 2920 enim

230 2960 313 3016 nulla
340 2959 432 3018 virtus
456 2962 611 3033 prudentia
639 2967 736 3030 vaoat,
770 2963 924 3036 prudentia
951 2961 1015 3034 ipsa
1041 2963 1098 3020 hoc

231 3058 324 3125 videt,
353 3077 411 3116 non
435 3077 536 3116 omnes
565 3063 655 3116 bonos
677 3079 741 3118 esse
764 3063 855 3118 etiam
880 3064 995 3118 beatos:
1029 3063 1100 3145 mul·

230 3159 319 3231 laque
353 3158 390 3213 de
416 3155 457 3215 M’
494 3157 598 3224 Atilio,
633 3160 669 3231 Q.
702 3159 863 3233 Caepione,
898 3158 940 3217 M'
968 3159 1100 3234 Aquillio
1138 3165 1150 3178 '

231 3259 420 3314 reeordatur:
463 3257 633 3330 beatamque
662 3258 764 3324 vitam,
791 3260 816 3316 ai
843 3259 1017 3334 imaginibus
1051 3276 1101 3330 po·

231 3351 289 3411 tius
323 3355 375 3423 uti,
401 3371 486 3427 qnam
514 3357 597 3412 rebus
625 3357 696 3430 ipsis
721 3347 832 3440 planet,
867 3363 1025 3417 oonanlem
1057 3357 1100 3414 ira

262 3505 284 3538 ¹⁷
298 3507 337 3552 1101
345 3509 434 3555 nudum
443 3510 591 3572 relinquitur]
615 3512 693 3558 durum
705 3512 747 3558 boc
756 3512 853 3560 videtur.
885 3513 933 3562 Μ1,
953 3513 1027 3559 Guell.
1043 3523 1099 3558 11011·

232 3563 296 3633 quan,
308 3565 385 3634 irenen
395 3569 454 3614 ›inor-
468 3583 541 3614 seuaus
555 3577 596 3624 ost,
616 3572 657 3617 hoc
667 3572 763 3618 noudum
773 3574 866 3620 efficitur
890 3573 1030 3634 intelligitur.
1047 3581 1100 3620 llil!

232 3624 373 3686 0111110001
381 3583 463 3676 (1101101
472 3641 487 3674 a
496 3627 604 3677 Cicerone
622 3645 643 3679 1.
658 3631 724 3678 Clas.
739 3629 763 3677 ln
778 3630 799 3678 11.
814 3645 837 3679 v.
867 3606 874 3636 ’

1253 486 1263 664 l
