2558 4198
219 353 283 413 290
467 344 512 395 nn
533 345 672 396 uiuunt
689 345 834 396 unorum

216 495 340 554 uitatem
353 496 470 554 omnem
482 496 579 554 tritiuit
594 498 688 564 astris,
702 501 763 556 tum
774 496 847 554 nihil
859 495 972 555 ratione
982 501 1100 559 eeuset'·

215 613 281 654 esse
312 595 449 654 divinius.
500 597 546 654 ltu
572 597 614 666 fit,
638 602 670 654 ut
696 598 767 654 deus
794 597 855 664 itte,
882 615 969 670 quem
988 605 1086 656 mente

216 695 374 764 noscimus,
401 701 488 772 atque
513 696 657 755 inanimi
692 696 822 764 notione,
850 694 1031 772 ⁶⁹tamquam
1054 698 1086 754 iu

216 796 353 870 vestigio,
368 798 499 854 volumus
514 814 663 870 reponere,
674 813 812 871 nusquam
828 813 940 870 prorsus
965 814 1082 870 appare·

165 891 205 951 15
216 900 254 952 at.
297 899 340 953 At
355 895 505 963 Persaeus,
518 896 648 968 ejusdem
664 896 796 952 Zenonis
810 897 933 961 auditor,
947 913 998 954 eos
1011 895 1097 954 dicit·

216 1003 281 1052 esse
305 995 419 1052 habitos
442 996 554 1061 deos,a
577 994 680 1068 quibus
701 1011 807 1068 magna
826 993 936 1052 utititas
951 997 988 1052 ad
1004 996 1082 1052 vitae

215 1097 326 1152 nultum
338 1100 414 1151 esset
426 1094 563 1151 iuventa:
585 1093 718 1170 ipsasque
730 1111 775 1150 res
786 1093 883 1157 utiles,
890 1099 920 1150 et
935 1097 1084 1163 salutares,

216 1193 334 1251 deorum
346 1211 410 1250 esse
426 1194 575 1250 vocabulis
591 1198 787 1267 nuncupatus:
803 1198 834 1250 ut
847 1211 885 1250 ue
900 1194 956 1250 hoe
970 1195 1086 1268 quidem

107 1335 108 1339 ,
216 1291 338 1357 diceret,
353 1292 404 1348 itin
424 1293 548 1348 invenie
571 1309 636 1350 esse
660 1294 788 1356 deorum,
812 1293 864 1348 sed
885 1292 948 1364 ipsa
970 1291 1081 1349 diviua.

217 1392 285 1466 Quo
305 1391 373 1467 quid
398 1392 555 1460 absurdius,
583 1409 668 1466 quum
692 1395 743 1448 sut
771 1409 816 1458 res
843 1393 971 1448 sordidas
997 1395 1084 1466 atque

216 1492 361 1552 deformes
374 1493 492 1550 deorum
517 1493 626 1549 honore
650 1491 775 1559 afficere,
795 1498 844 1549 aut
869 1490 999 1547 homiues
1021 1490 1085 1562 jam

217 1597 309 1651 morte
321 1593 443 1660 deletos,
457 1609 596 1666 reponere
611 1591 641 1650 in
656 1593 736 1658 deos,
749 1609 869 1666 quorum
883 1591 978 1648 omnis
992 1593 1087 1648 nultus

217 1699 294 1751 esset
315 1693 424 1751 iuturus
443 1691 474 1748 in
499 1689 600 1749 tuctu?
639 1693 709 1749 Jam
734 1709 805 1748 vero
830 1690 1020 1764 Chrysippus,
1035 1688 1084 1766 qui

218 1793 383 1851 Stoicorum
397 1792 573 1852 somniorum
596 1793 765 1850 vaferrimus
788 1793 910 1850 habetm
933 1793 1085 1866 interpres,

216 1907 353 1964 maguam
364 1894 476 1949 turbam
490 1899 649 1968 congregat
672 1892 835 1967 ignotorum
856 1892 985 1958 deorum,
999 1896 1085 1966 atque

217 1987 260 2046 ita
273 1990 447 2064 ignotorum,
461 1997 490 2046 ut
505 2009 604 2050 eosne
618 1993 789 2065 oonjeotura
802 1991 918 2066 quidem
931 1990 1087 2048 informare
1170 2061 1176 2065 -
1272 2019 1273 2070 3

216 2087 369 2163 possimus,
392 2107 458 2146 eum
473 2107 555 2147 mens
570 2097 667 2146 nostra
680 2090 796 2164 quidvis
821 2090 956 2156 videatur
976 2089 1087 2164 cogita
1272 2075 1273 2102 ³

217 2188 300 2246 tione
314 2205 398 2260 posse
413 2189 581 2262 depingere.
603 2189 645 2246 ait
669 2191 758 2256 enim,
772 2190 833 2246 vim
853 2189 986 2246 divinem
999 2189 1030 2246 iu
1046 2207 1097 2244 rn··

218 2287 299 2344 tione
313 2305 378 2343 esse
392 2288 515 2361 positam
530 2295 560 2345 et
575 2288 728 2346 universae
752 2294 872 2345 naturae
886 2288 985 2346 animo
998 2292 1085 2362 atque

218 2391 333 2445 mente:
355 2385 504 2463 ipsumque
527 2389 674 2454 muudum,
688 2390 774 2446 deum
798 2388 872 2445 dioit
892 2405 966 2454 esse,
980 2394 1010 2443 et
1024 2386 1086 2460 ejus

218 2485 309 2543 animi
323 2485 465 2546 fusionem
480 2488 663 2546 uuiversum:
685 2495 744 2544 tum
758 2488 820 2561 ejus
834 2487 924 2561 ipsius
944 2485 1088 2560 prinoipe-

217 2589 289 2654 tum,
303 2587 351 2662 qui
366 2587 397 2643 iu
412 2593 509 2644 mente
523 2592 553 2644 et
568 2587 681 2644 ratione
693 2593 832 2655 versetur,
847 2602 1088 2660 communemque

207 2702 313 2744 rerum
334 2691 465 2744 naturam
484 2685 679 2759 wuniuersam
704 2677 789 2761 atque
811 2686 910 2744 omnin
934 2687 1094 2745 contineo·-

219 2789 299 2844 tem:
319 2792 380 2844 tum
398 2784 418 2818 '¹
431 2787 548 2844 fatalem
564 2786 635 2854 vim,
645 2791 675 2842 et
690 2786 896 2844 nenessitatem
909 2802 1002 2844 rerum
1016 2787 1089 2845 iutu-

249 2961 272 3001 ii
286 2967 397 3024 mmmm
405 2963 432 3010 in
441 2963 530 3022 vestigio
540 2979 560 3010 o.
570 2963 601 3023 n]
618 2963 641 3010 in
657 2962 760 3022 vestigio,
775 2977 804 3010 se
816 2963 845 3010 ab
855 2962 861 3008 i
878 2977 903 3008 so
912 2961 1002 3009 numine
1011 2959 1089 3008 divino

219 3021 358 3084 impressoiu
369 3022 444 3069 auimo
454 3033 536 3069 nostro.
569 3024 649 3068 Sensus
665 3027 715 3067 este
732 3023 833 3069 volumus
867 3037 918 3069 eum
938 3021 1029 3076 habere,
1048 3021 1088 3081 qui

123 3086 127 3091 ’
220 3079 355 3152 respondeat
373 3081 458 3127 notioni
469 3081 513 3128 Dei
522 3082 545 3126 iu
556 3081 635 3128 animis
654 3081 735 3128 nostris
744 3081 774 3128 ab
788 3081 837 3142 ipso
856 3081 990 3142 impressae:
1006 3095 1036 3128 sc.
1047 3094 1089 3140 per

219 3140 385 3189 similitudinem
396 3147 495 3186 naturae.

250 3219 272 3254 ⁷⁰
286 3219 391 3268 uniuersa
400 3223 465 3278 atqua
481 3219 565 3280 omnio]
581 3218 681 3280 nuspiam
691 3219 826 3266 iraecverbs
840 3219 997 3276 sieoonjouets
1007 3215 1088 3288 reperi.

218 3279 296 3340 itaque
306 3279 360 3326 mihi
375 3279 442 3325 dubia
452 3293 538 3338 semper
550 3279 603 3324 haee
614 3279 680 3324 tectio
697 3279 746 3326 tuit.
765 3279 812 3326 Mu.
824 3279 898 3326 Gueli.
912 3279 980 3324 habet
997 3291 1091 3324 unam·

219 3354 273 3392 sunt,
285 3345 341 3386 utet
350 3340 409 3386 alter
418 3337 440 3384 in
450 3353 519 3396 marg.
531 3338 565 3382 ed.
579 3337 605 3384 L.
617 3339 773 3399 conjungitque
782 3353 831 3384 cum
841 3343 962 3384 naturam.-
977 3337 1035 3396 quod
1046 3348 1092 3382 non

220 3398 338 3459 displicet:
358 3405 437 3458 estque
446 3403 470 3443 et
484 3397 507 3442 iu
517 3397 568 3442 aliis
578 3397 628 3444 Mss
648 3397 758 3458 probante
769 3398 872 3446 Buherio.
884 3412 936 3444 narn
949 3395 1035 3443 Davisii
1042 3409 1091 3442 cou-

220 3457 427 3503 rectioimmmsum
435 3471 478 3504 uon
487 3456 571 3518 placet,
582 3471 622 3502 uec
632 3462 666 3502 est
675 3471 689 3502 e
697 3457 766 3503 libris.
816 3459 817 3464 ’

176 3587 179 3594 Ι
250 3535 270 3568 ⁷¹
277 3536 375 3606 satutem
385 3535 440 3608 uim]
459 3536 517 3582 hand
533 3535 662 3582 dubitanter
672 3535 745 3644 recepi
755 3551 804 3583 cum
824 3534 918 3584 stirio
933 3539 958 3582 et
966 3531 1067 3583 Bubetio
1076 3545 1096 3604 e·

221 3595 269 3648 Me.
280 3595 366 3642 Bireuu
376 3609 422 3642 rem
431 3610 473 3654 pro
482 3595 592 3658 amiram,
603 3597 662 3659 quod
671 3597 716 3644 min
728 3611 736 3642 ι
750 3599 791 3644 est
