2552 4208
248 341 310 405 ηρ
479 329 615 384 rusnus.
636 329 879 386 Quaestionum

244 483 346 559 cupias
367 482 511 553 ardenter,
531 487 582 544 aut
602 484 726 559 adeptus
746 483 849 544 efferas
875 486 907 542 ts
930 475 1120 548 inscientsri

245 601 303 644 nec
324 601 407 660 porro
431 585 616 661 matum‚quo
636 589 686 642 aut
709 601 863 659 oppressus
870 582 984 658 jaceas,
997 593 1057 655 aut,
1078 604 1119 646 ns

243 684 416 760 opprimere,
430 691 528 742 mente
544 685 595 742 vix
610 691 727 742 constes
742 681 754 740 t
773 701 866 759 eaque
888 685 988 744 omnis
1001 691 1052 743 aut
1073 685 1120 744 ni·

243 784 299 844 mis
314 785 415 852 tristia,
429 788 479 842 aut
493 783 580 842 nimis
595 785 673 842 laeta
693 799 788 840 errore
810 781 900 843 derit
919 785 969 858 qui
989 785 1015 842 si
1038 801 1120 846 error

243 883 339 942 stuttis
353 889 529 941 extenuetur
541 881 600 951 die,
625 886 665 949 ut,
689 899 756 940 cum
785 901 830 941 res
858 883 962 941 esdem
989 889 1117 955 manant,

242 983 328 1043 aliter
342 984 435 1041 ierant
449 983 625 1048 inveterata,
639 981 725 1040 aliter
744 982 892 1040 recentia:
913 983 1062 1056 sapientes
1077 1000 1117 1042 ns

242 1083 369 1158 attinget
398 1083 516 1158 quidem
539 1082 668 1139 omnino.
689 1081 800 1139 etenim
830 1081 894 1157 quis
915 1082 971 1139 erit
995 1084 1114 1142 tsndem

241 1185 343 1244 modus
358 1179 438 1242 iste?
479 1182 659 1254 Quaeramus
681 1179 761 1237 enim
775 1183 891 1239 modum
912 1182 1113 1257 aegritudinis,

240 1280 300 1340 'in
314 1299 371 1356 quo
384 1299 491 1353 operae
505 1281 659 1354 plurimum
680 1279 805 1353 ponitur.
820 1297 907 1355 aegre
927 1281 1029 1339 tulisse
1048 1279 1112 1340 ⁵²1².

241 1381 384 1440 Rutilium
398 1380 493 1437 fratris
508 1383 652 1454 reputsarn
674 1381 851 1447 consulatus,
873 1379 1012 1454 scriptum
1036 1383 1114 1454 apud

241 1481 388 1541 Fannium
413 1487 467 1539 est.
494 1481 545 1537 sed
569 1486 669 1538 tamen
694 1479 832 1538 transisse
847 1479 963 1537 videtur
985 1481 1112 1550 modurn,

239 1581 345 1658 quippe
360 1580 409 1657 qui
422 1583 460 1639 ob
473 1598 538 1638 eam
553 1598 671 1641 causam
683 1598 700 1638 s
712 1579 775 1639 vita
786 1580 941 1638 recesserit
954 1599 961 1636 ε
982 1581 1113 1640 modera-

239 1681 297 1740 tius
308 1681 395 1757 igitur
410 1681 483 1740 serre
497 1681 608 1740 debuit.
623 1682 692 1755 quid
711 1679 745 1748 si,
760 1696 828 1739 cum
842 1678 872 1737 id
885 1678 973 1737 terret
985 1680 1111 1750 modice,

238 1797 315 1840 mors
330 1782 484 1839 liberorum
500 1777 696 1839 accessisset?
717 1785 787 1835 neta
799 1781 878 1836 esset
897 1777 1047 1854 aegritudo
1061 1797 1112 1838 no·

238 1897 287 1949 va,
317 1878 400 1937 ⁸'sed
414 1881 418 1888 '
434 1897 471 1937 ea
504 1879 640 1936 modica:
660 1893 767 1951 magna
797 1880 896 1935 tamen
925 1878 1004 1937 facts
1033 1883 1113 1938 esset

238 1979 378 2037 accessio.
417 1977 438 2011 ⁸⁸
452 1978 531 2052 Quid
546 1978 570 2036 si
584 1978 692 2035 deinde
714 1978 828 2034 dotores
851 1994 957 2052 graves
970 1979 1110 2052 corporis,

133 2141 134 2145 ,
238 2077 263 2136 si
284 2080 423 2136 bonorum
445 2077 572 2144 amissio,
585 2075 612 2134 si
634 2074 774 2143 caecitas,
787 2076 813 2134 si
838 2077 986 2145 exsilium,
1009 2078 1035 2135 si
1057 2095 1111 2152 pro

237 2177 359 2253 singuiis
380 2176 464 2234 mstis
491 2175 687 2250 aegritudines
715 2174 912 2234 accederent?
932 2194 1044 2235 summa
1070 2193 1108 2236 es

185 2272 225 2337 ‚le
238 2274 346 2336 deret?
365 2293 438 2349 quae
461 2292 520 2332 non
549 2272 746 2332 sustineretur.
789 2275 850 2347 Qui
877 2277 994 2334 modurn
1018 2275 1107 2351 igitur

236 2375 312 2433 vitio
331 2375 451 2450 quaerit,
465 2374 600 2431 similiter
621 2373 703 2442 iacit,
716 2379 749 2431 ut
768 2373 794 2431 si
815 2391 901 2448 posse
923 2380 1005 2449 putet
1027 2393 1105 2445 eum,

236 2473 283 2550 qui
297 2491 329 2532 se
346 2473 369 2506 '⁹
382 2492 399 2530 e
414 2473 545 2532 Leucata
559 2473 806 2548 praecipitaverit,
826 2471 969 2532 sustinere
983 2493 1024 2544 se,
1038 2491 1106 2534 cum

235 2572 319 2633 velit.
333 2581 364 2632 ut
385 2575 465 2632 enim
478 2572 509 2631 id
523 2591 582 2632 nou
597 2579 711 2647 potest:
733 2573 776 2631 sic
796 2573 910 2631 animus
924 2575 1108 2648 perturbatus

234 2678 266 2733 et
289 2673 426 2732 incitatus
450 2689 507 2732 nec
534 2673 673 2730 cohibere
696 2689 728 2729 se
749 2677 854 2746 potest,
867 2690 933 2740 nec,
955 2691 1012 2748 quo
1038 2676 1107 2732 ioco

155 2758 157 2763 ’
234 2775 308 2841 vuit,
321 2772 457 2832 insistere
470 2771 610 2829 omnino:
631 2788 761 2847 quaeque
777 2773 941 2830 crescentis
962 2771 1106 2844 pernicio·

232 2889 266 2931 ss
286 2879 362 2942 sunt,
382 2875 486 2931 eadem
510 2877 577 2930 sunt
602 2871 709 2929 vitiosa
737 2872 897 2930 nascentis.
941 2871 1107 2947 Aegritudo

233 2979 340 3043 autern,
353 2979 527 3048 ceteraeque
547 2971 788 3046 perturbationes,
808 2973 1002 3048 amplificatae
1023 2978 1107 3032 certe

231 3135 322 3242 marin
331 3135 391 3198 pun]
422 3133 506 3195 Vulgg.
516 3134 603 3195 snpra.
614 3135 681 3193 male,
691 3138 805 3198 tamquam
821 3135 852 3182 sd
866 3135 1029 3196 mendicem
1047 3137 1105 3186 sede·

258 3275 282 3310 ⁸⁷
296 3274 326 3322 P.
337 3273 463 3334 Rutilium]
480 3287 501 3320 v.
513 3271 581 3320 cisa.-
589 3272 612 3321 in
620 3272 650 3320 P.
661 3271 773 3322 Rutilius.

259 3353 280 3388 θ’
289 3354 327 3401 sed
336 3368 360 3400 eu
370 3353 472 3414 podien]
498 3352 612 3410 Bentisius
621 3353 650 3404 rt't
660 3367 684 3400 ea
694 3368 723 3402 m.
736 3367 779 3400 non
789 3352 854 3400 bene.
864 3350 958 3398 deberet
965 3351 1104 3409 euesussit.

229 3413 267 3459 sed
275 3427 352 3458 verum
362 3418 423 3472 puto.
435 3420 468 3458 est
478 3411 610 3469 objicientis.
617 3413 644 3478 ,³¹¹
652 3418 758 3474 sequente
766 3411 882 3474 responsio
891 3415 933 3458 eet.

259 3489 281 3524 ⁵⁹
294 3490 404 3553 Quidni]
435 3491 533 3538 Videtur
542 3491 621 3540 melius
630 3492 697 3546 Quod
706 3492 732 3541 si.

259 3569 282 3604 θ·
296 3584 308 3614 s
322 3568 429 3631 Lanato]
460 3571 529 3630 vulgo
548 3573 608 3619 maie
623 3572 732 3619 meuds.
751 3571 808 3620 illud
826 3585 902 3620 verum
921 3585 1002 3619 nonren
1021 3575 1064 3630 est,
1078 3573 1104 3619 ut

231 3627 288 3677 bens
295 3627 457 3676 demonstravit
466 3630 581 3680 Davisius.
611 3631 650 3679 sie
657 3638 682 3678 et
693 3632 751 3682 Mus.
760 3631 836 3680 ticeli.
847 3632 938 3693 quidem
944 3631 1056 3682 hundo.
