2538 4188
460 323 721 376 sinnaritanus.
961 332 1025 397 439

155 474 231 536 nihil
246 476 347 534 horum
372 474 555 550 recipiemus,
568 492 625 534 nec
639 475 689 532 iila
703 472 818 536 inlicita
837 469 912 532 ratio
927 492 1026 550 super·

155 575 286 634 susionis
304 559 487 650 ,pausanas
527 573 612 657 uun
633 591 702 650 ergo
725 575 826 632 norun
847 575 1026 648 probandum

155 679 214 732 eet.

201 772 341 831 Dicamus
355 773 451 848 igitur,
467 773 570 840 Balbe,
593 777 706 846 oportet
718 779 820 832 contra
843 771 909 832 illos
927 773 1026 842 etiam,
1036 771 1075 833 21

154 872 206 948 qui
221 853 274 930 hos
292 873 361 932 deos
383 890 420 929 ex
444 873 591 930 hominum
614 891 722 948 genere
747 874 778 930 in
800 876 914 932 coelum
935 879 1026 930 trans·

154 973 242 1038 latos,
256 989 315 1028 nou
329 989 369 1038 re,
384 972 435 1029 sed
456 972 595 1045 opinione
609 990 674 1030 esse
689 972 800 1038 dicunt,
821 989 891 1046 quor
905 977 1025 1046 auguste
1085 965 1090 978 '

153 1088 257 1138 omnes
279 1075 437 1146 sancteque
462 1089 644 1130 veneramur.
687 1070 839 1144 Principio
852 1071 945 1128 loves
967 1078 1024 1128 tres

152 1175 311 1248 numerant
335 1170 366 1238 ii,
393 1170 442 1246 qui
464 1172 594 1246 theologi
621 1171 823 1230 nominantur:
858 1188 897 1228 ex
922 1171 1024 1246 quibus

153 1270 279 1344 primum
305 1276 336 1326 et
362 1270 521 1328 secundum
550 1276 643 1336 natos
659 1270 690 1328 in
721 1269 867 1328 Arcadia:
901 1272 1025 1328 alterum

153 1375 237 1442 patre
267 1370 407 1435 Aethere,
432 1387 470 1426 ex
494 1387 550 1445 quo
577 1369 667 1427 etiam
695 1369 898 1444 Proserpinam
925 1379 1025 1428 natam

152 1465 259 1536 lerunt,
274 1474 303 1526 et
324 1469 481 1529 Liberum:
501 1472 624 1528 alterurn
645 1473 726 1541 patre
746 1469 849 1537 Coelo,
873 1469 923 1544 qui
936 1486 1024 1543 geuu-

151 1566 212 1624 isse
229 1567 395 1626 Minervam
413 1568 530 1632 dicitur,
543 1585 629 1642 quam
644 1569 816 1642 principem,
830 1575 859 1624 et
883 1565 1025 1624 inventri·

152 1681 222 1724 cem
236 1664 307 1722 belli
320 1666 432 1724 lerunt:
454 1665 571 1725 tertium
586 1667 766 1736 Cretensem,
783 1665 901 1724 Saturni
916 1667 1023 1736 tilium:

150 1763 238 1838 cujus
251 1762 284 1820 in
297 1762 349 1820 illa
366 1764 462 1822 insula
484 1766 646 1835 sepulcrum
667 1765 838 1822 ostenditur.
865 1771 1031 1846 'Aueervga

151 1862 246 1920 etiam
259 1862 335 1938 apud
350 1861 456 1937 Grnjos
470 1862 567 1920 rnultis
588 1864 680 1922 modis
695 1866 891 1924 nominantur.
934 1867 1025 1928 Primi

151 1968 224 2031 tres,
250 1963 299 2037 qui
322 1961 343 1994 ⁶⁸
357 1965 541 2037 appellantur
570 1963 698 2030 Ausees,
722 1965 850 2022 Athenis
872 1984 911 2024 ex
936 1943 1050 2038 Jove,

152 2080 224 2136 rege
245 2043 456 2139 anticuissima
479 2069 509 2120 et
532 2061 704 2136 Proserpina
725 2064 795 2132 uati,
811 2065 1024 2140 Tritopatreus,

151 2147 311 2229 Eubuleus,
333 2161 533 2237 ⁸⁹Dionysus:
554 2164 686 2231 secundi,
700 2164 778 2222 Jove
799 2165 885 2222 tertio
908 2167 968 2222 nati
984 2183 1024 2224 ex

65 2329 68 2336 Ι
151 2262 248 2328 Leda,
262 2261 367 2318 (iactor
379 2266 410 2318 et
434 2263 556 2319 Pollux:
585 2263 664 2320 tertii
688 2263 824 2324 dicuntur
843 2264 1023 2327 enonnnllir

152 2359 175 2392 ⁷⁰
187 2361 275 2424 Alco,
289 2362 319 2414 et
332 2356 505 2429 Melampus,
519 2359 650 2422 Emolus,
664 2361 748 2416 Atrei
762 2345 824 2427 filii,
848 2363 896 2437 qui
912 2365 1023 2438 Pelope

153 2461 241 2517 natus
255 2454 317 2513 luit.
358 2455 426 2512 lam
442 2454 545 2512 Musae
560 2455 668 2528 primae
682 2460 824 2528 quattuor,
844 2466 930 2515 natae
945 2465 1023 2519 Jove

152 2559 256 2623 altero,
268 2553 447 2627 Thelxiope,
462 2551 577 2622 Aoede,
594 2554 703 2618 Arche,
716 2551 845 2640 Melete:
867 2559 1024 2628 secundae,

154 2655 235 2714 Jove
249 2653 336 2711 tertio
359 2659 389 2710 et
404 2651 609 2726 Mnemosyne,
630 2657 799 2725 procreatae
820 2671 946 2711 novem:
969 2660 1023 2714 ter·

155 2753 226 2822 tiae,
245 2749 369 2832 ⁷¹[Jove
384 2747 484 2828 tertio]
507 2749 594 2809 Piero
614 2758 712 2820 natae,
734 2756 765 2808 et
789 2752 928 2827 Antiopa,
951 2771 1022 2828 quas

185 2927 208 2960 θ·
221 2925 776 2988 app.unuuruttentr‚o1m.]mcuvnun
786 2931 840 2986 puto
849 2941 898 2974 cum
909 2926 1023 3002 victorio¹
1038 2915 1050 2930 ’

156 2985 264 3035 etsiMrr.
276 2987 329 3042 iere,
340 2987 396 3040 utlet
406 2985 481 3032 Guell.
501 2987 604 3043 Anactes,
612 2985 842 3040 exGraecoerume.
875 2986 919 3032 Sed
939 2985 1022 3035 Graece

155 3050 225 3098 elram
234 3049 310 3098 disere
325 3071 409 3107 aare,
424 3055 449 3096 et
463 3049 576 3110 quidem'
569 3051 677 3111 rutprimis
699 3050 775 3107 Attici,
796 3056 821 3096 ut
840 3050 910 3100 tradit
924 3052 1021 3104 Moeris.

156 3115 241 3220 qhiag
220 3117 226 3162 i
228 3117 286 3188 gitur
294 3119 358 3166 addit
370 3115 464 3167 Athenis
473 3115 553 3162 ricdi
526 3131 562 3176 ro
572 3123 702 3168 nceemeest
713 3117 810 3174 legamus
820 3117 913 3164 Anares.
948 3117 1023 3176 Hery-

156 3189 218 3222 erus
234 3181 288 3222 utem
304 3177 381 3234 tradit,
401 3173 495 3224 Athenis
512 3179 638 3236 appellatos
654 3177 775 3226 Dioscoroe
793 3188 840 3222 erre
855 3195 942 3231 eume
959 3191 981 3222 u.
998 3179 1023 3223 et

155 3241 325 3290 PiersouumV.
336 3241 364 3291 (l.
374 3243 404 3290 ed
416 3242 525 3292 Moerin'
518 3260 540 3292 ra
550 3263 633 3301 ιιιιιιιιι.

186 3328 209 3361 ⁰⁹
222 3328 287 3374 Dim
286 3329 347 3390 puer]
364 3334 398 3376 ert
408 3329 520 3377 Buechner
537 3331 596 3378 unde
604 3330 666 3378 etsie
675 3329 814 3378 scribendum
828 3329 871 3378 tuit
880 3344 922 3392 pro
932 3329 1022 3389 vulgato

157 3387 292 3446 Dimurius,
303 3393 329 3434 ut
337 3387 447 3446 vidltjata
459 3389 517 3436 Dav'
496 3388 570 3436 arrius.

185 3466 209 3500 '¹⁰
220 3465 294 3571 Alco&
309 3465 515 3524 vulgomeleAleo.
528 3465 584 3514 illud
595 3466 678 3514 haheat
688 3465 746 3514 Μιι.
757 3467 816 3524 boni,
826 3483 848 3514 v.
861 3483 880 3514 c
892 3465 958 3514 Ma.
951 3481 973 3514 rc
983 3466 1019 3517 ed

156 3523 264 3572 nietam
297 3524 347 3571 ueli.
357 3537 470 3584 exquo,v
457 3523 668 3582 vttiolibrariorum
678 3501 836 3574 tneiletactu'n
849 3527 911 3574 uteo

185 3601 207 3637 ⁷¹
220 3601 274 3649 Ioue
284 3601 347 3648 tertio
357 3599 508 3711 Pieroklooe
523 3604 586 3650 tertie
601 3603 681 3650 vitiose
691 3605 791 3652 additum
808 3612 878 3654 ester
888 3605 1022 3652 anteceden-

154 3658 228 3711 tibur.
245 3663 323 3723 estque
332 3660 391 3709 adeo
399 3660 429 3709 de
452 3661 526 3710 udum.
536 3661 654 3714 cucusum
662 3663 850 3716 Deririoinelusi.
881 3665 942 3715 Tum
951 3663 1021 3712 Piero
