3354 4234
683 373 785 424 menn
804 373 935 423 uerutus.
1185 377 1228 440 ῃ

360 530 461 600 postes
475 526 518 584 iio
534 524 628 600 viguit
640 525 887 600 Pythagoreorum
909 539 1027 589 nomen,
1040 526 1071 578 ut
1084 521 1158 580 uuiti
1178 521 1234 580 etii

361 625 440 683 ducti
457 627 633 681 viderentur.

402 725 461 780 led
487 725 575 781 redeo
593 724 629 780 ud
657 722 799 798 antiquos.
827 720 970 780 rationem
996 719 1041 778 itti
1065 719 1229 776 sententiae
1243 727 1286 789 Π

361 837 431 880 eune
446 839 503 880 non
517 824 578 879 tere
592 823 760 890 reddebant,
782 822 838 878 uisi
858 821 926 896 quid
951 825 1013 878 eret
1032 818 1160 877 numeris
1180 823 1232 878 eut

360 921 602 994 descriptionibus
629 921 845 994 explicandum.
900 921 1053 978 Platonem
1074 918 1178 986 terunt,
1200 923 1231 976 ut

361 1020 561 1094 Pythagoreos
575 1026 775 1094 cognosceret,
795 1021 825 1076 in
843 1019 959 1078 ttetium
973 1018 1100 1084 venisse,
1115 1025 1144 1075 et
1157 1016 1231 1076 didi·

361 1119 438 1178 eisee
463 1120 648 1192 Pythagoreo
670 1117 779 1185 omnia,
803 1119 983 1192 primumque
1006 1119 1044 1174 de
1068 1116 1231 1176 animorum

360 1217 533 1275 aeternitate
547 1236 605 1276 nou
619 1219 711 1276 eotum
722 1219 847 1274 sensisse
862 1218 949 1284 idem,
969 1216 989 1249 ⁷⁰
998 1217 1073 1290 quod
1084 1216 1230 1291 Pythago·

361 1333 433 1384 rem,
452 1318 503 1374 sed
525 1316 666 1374 rationem
691 1317 779 1374 etiem
800 1316 939 1384 ettutiese.
964 1333 1059 1392 quem,
1084 1315 1139 1374 niei
1160 1317 1230 1390 quid

359 1415 445 1482 dieis,
460 1415 730 1488 praetermittemus,
743 1421 773 1474 et
787 1417 864 1474 hene
878 1421 969 1472 totam
991 1432 1072 1488 spem
1087 1414 1231 1474 immeru-

360 1512 454 1570 litetie
468 1513 671 1586 relinquemus.
702 1515 741 1570 A.
754 1512 773 1544 ⁷¹
787 1516 836 1570 An
852 1521 893 1580 tu,
905 1531 971 1577 oum
986 1531 1033 1570 me
1043 1514 1074 1570 in
1089 1529 1231 1570 summam

360 1611 612 1683 exspectationem
626 1611 791 1674 adduxeris.
805 1607 938 1670 deseris?
958 1629 1052 1668 errare
1065 1613 1231 1668 mehercule

250 1703 252 1706 ¹
361 1712 440 1770 mio
453 1727 521 1768 oum
548 1710 682 1776 Platone,
702 1728 787 1784 quem
808 1715 840 1766 tu
861 1709 966 1784 quenti
985 1709 1085 1778 ineius,
1108 1710 1180 1778 ecio,
1201 1715 1232 1770 et

361 1825 448 1885 quern
460 1828 499 1867 ex
514 1814 565 1868 tuo
574 1825 624 1866 ore
638 1808 771 1874 sdmiror,
785 1827 871 1884 quum
883 1827 949 1866 eum
960 1809 1025 1866 istie
1034 1827 1104 1866 vere
1112 1810 1231 1868 sentire.

360 1908 405 1968 Μ.
417 1909 517 1966 Mente
528 1908 647 1966 virtute.
661 1908 811 1984 egoenim
821 1907 885 1982 ipse
899 1925 965 1966 ourn
980 1909 1084 1964 eodem
1095 1907 1158 1980 ipso
1171 1927 1232 1966 uon

358 2008 472 2066 invitus
497 2007 666 2066 erraverim.
715 2005 827 2065 ”Num
847 2006 935 2082 igitur
949 2008 1127 2075 dubitemus,
1155 2003 1230 2084 [en]

359 2107 437 2166 siout
456 2109 602 2182 pleraque,
621 2106 665 2164 eie
688 2111 719 2165 et
746 2103 824 2164 hoe?
851 2123 1023 2182 quamquem
1044 2101 1100 2168 Mo
1115 2106 1232 2178 quidem

360 2205 491 2266 ninime.
512 2207 687 2280 persuadent
713 2205 792 2263 euim
820 2205 1029 2274 mathematici,
1057 2210 1162 2264 terrem
1199 2205 1233 2264 iu

359 2307 457 2364 medio
480 2307 588 2364 mnodo
613 2305 700 2363 situm
728 2306 764 2362 ed
787 2305 917 2363 universi
940 2305 1017 2363 caeti
1043 2306 1233 2378 complexum

357 2406 439 2481 qsresi
453 2404 554 2478 puneti
568 2405 659 2463 instar
672 2405 815 2474 obtinere,
835 2407 911 2481 quod
925 2428 1018 2482 neeges
1034 2405 1079 2462 itti
1101 2411 1231 2464 vocent:

359 2519 425 2560 eem
447 2520 530 2576 porro
543 2509 675 2562 naturam
688 2523 753 2563 esse
777 2511 911 2582 quattuor
923 2506 1022 2564 omnia
1045 2505 1233 2580 gignentium

358 2617 519 2675 eorporum,
533 2607 565 2660 ut
578 2603 659 2678 quusi
674 2604 778 2677 partite
793 2605 921 2664 habeant
934 2605 1011 2662 inter
1024 2623 1068 2672 se,
1088 2609 1119 2662 et
1133 2604 1232 2666 divise

357 2705 524 2760 momente:
555 2708 670 2760 terrena
694 2708 724 2760 et
745 2703 865 2760 humide
884 2707 987 2777 suopte
1009 2709 1090 2771 nutu,
1123 2708 1155 2760 et
1179 2719 1233 2760 suo

357 2801 487 2875 pondere
512 2801 549 2858 ud
576 2817 660 2874 peres
686 2801 808 2875 ungulos
835 2801 867 2858 in
891 2805 1006 2869 terrem,
1035 2806 1066 2858 et
1094 2800 1125 2860 iu
1153 2817 1234 2860 mure

388 2953 412 2988 ⁷⁰
426 2953 485 3015 quud
503 2953 662 3014 Pythagoram]
685 2953 718 3000 sie
738 2967 780 3014 pro
798 2954 889 3012 vulgato
907 2953 1046 3014 Pythagoras
1061 2954 1158 3002 seribere
1174 2954 1235 3002 retio

357 3012 581 3070 Gremruatieejubet
591 3012 653 3060 etsie
663 3027 750 3074 semper
761 3014 837 3074 putavi
849 3013 972 3074 tegendum.
1004 3015 1048 3060 Sed
1063 3017 1109 3074 jans
1120 3015 1150 3062 sie
1160 3015 1233 3062 edidit

357 3071 464 3180 intercidor
482 3079 506 3118 et
524 3070 555 3119 sie
573 3071 621 3118 Me.
638 3071 712 3119 Guelt.
728 3078 782 3134 poet
798 3072 894 3131 rationes
911 3071 968 3120 Mes.
980 3073 1071 3136 quidem
1088 3075 1170 3123 hebent
1188 3089 1233 3122 non

381 3147 394 3180 s
419 3166 425 3177 .

387 3209 407 3243 ⁷¹
423 3211 462 3255 An
475 3213 508 3266 tu,
520 3223 570 3257 eum
580 3225 615 3256 me
628 3233 637 3243 ·
652 3235 661 3246 ·
676 3235 686 3245 -
700 3210 808 3270 deserist]
828 3211 922 3268 Metios,
933 3213 973 3260 An
983 3217 1008 3261 tu
1018 3227 1059 3269 me,
1070 3227 1121 3260 eum
1130 3208 1157 3257 s'n
1173 3235 1182 3245 ·
1196 3233 1205 3246 ·
1221 3237 1231 3248 ·

356 3267 579 3376 maliolli-invisius
590 3268 687 3318 surrexit
702 3269 759 3318 Ain‘
777 3274 810 3318 tu.
822 3285 863 3318 uee
879 3273 921 3319 hoe
936 3273 1003 3320 mele.
1022 3272 1107 3319 deseres
1121 3277 1156 3318 ert
1165 3274 1190 3318 et
1206 3267 1231 3318 in

387 3405 411 3438 ⁷²
426 3405 490 3452 Num
500 3406 573 3464 skituv
587 3407 724 3463 dubitemus.
741 3421 780 3462 on.
792 3409 850 3456 sicut
865 3409 975 3470 puraque,
992 3411 1047 3471 ete]
1062 3423 1093 3458 un
1109 3412 1230 3460 rnotestum

357 3467 399 3510 est.
411 3479 451 3510 nee
467 3465 526 3510 eninr
544 3471 586 3522 est,
603 3480 648 3525 quo
663 3467 780 3513 referetur.
815 3469 892 3528 ltaque
903 3469 933 3515 nit
945 3469 1024 3516 melius
1034 3468 1086 3523 seio,
1098 3483 1163 3532 quens
1180 3487 1231 3520 eum

358 3521 554 3580 Benttejodelere.
585 3523 621 3570 Sic
630 3530 652 3571 et
669 3526 715 3581 troc,
735 3527 796 3587 quod
815 3527 844 3572 de
860 3527 983 3575 animorum
1001 3529 1135 3576 aeternitate
1151 3531 1232 3578 statuit

356 3595 405 3688 {2¹:1¹
413 3581 547 3687 &fingere
557 3583 630 3634 Pisto.
662 3585 723 3634 Eud.
740 3585 850 3652 quaedam
861 3586 929 3636 etiem
940 3601 982 3650 pro
998 3601 1055 3636 num
1073 3587 1159 3640 hebuit
1175 3587 1227 3653 ndu.
