<?xml version="1.0" encoding="UTF-8"?>
<!DOCTYPE html PUBLIC "-//W3C//DTD XHTML 1.0 Transitional//EN"
    "http://www.w3.org/TR/xhtml1/DTD/xhtml1-transitional.dtd">
<html xmlns="http://www.w3.org/1999/xhtml" xml:lang="en" lang="en">
 <head>
  <title>
</title>
<meta http-equiv="Content-Type" content="text/html;charset=utf-8" />
  <meta name='ocr-system' content='tesseract 3.04.00' />
  <meta name='ocr-capabilities' content='ocr_page ocr_carea ocr_par ocr_line ocrx_word'/>
</head>
<body>
  <div class='ocr_page' id='page_1' title='image "./mtvlliiciceroni11cicegoog/mtvlliiciceroni11cicegoog_0258.png"; bbox 0 0 2548 4208; ppageno 0'>
   <div class='ocr_carea' id='block_1_1' title="bbox 465 291 1044 368">
    <p class='ocr_par' dir='ltr' id='par_1_1' title="bbox 465 291 1044 368">
     <span class='ocr_line' id='line_1_1' title="bbox 465 291 1044 368; baseline 0.009 -26"><span class='ocrx_word' id='word_1_1' title='bbox 465 291 731 348; x_wconf 79' lang='lat' dir='ltr'><strong>noeeaonaur.</strong></span> <span class='ocrx_word' id='word_1_2' title='bbox 978 294 1044 368; x_wconf 61' lang='lat' dir='ltr'><strong>pap</strong></span> 
     </span>
    </p>
   </div>
   <div class='ocr_carea' id='block_1_2' title="bbox 168 440 1050 2120">
    <p class='ocr_par' dir='ltr' id='par_1_2' title="bbox 168 440 1050 2120">
     <span class='ocr_line' id='line_1_2' title="bbox 172 440 1046 524; baseline 0.009 -25"><span class='ocrx_word' id='word_1_3' title='bbox 172 441 358 517; x_wconf 55' lang='lat' dir='ltr'><strong>temnerent</strong></span> <span class='ocrx_word' id='word_1_4' title='bbox 372 457 432 500; x_wconf 86' lang='lat' dir='ltr'><strong>aon</strong></span> <span class='ocrx_word' id='word_1_5' title='bbox 446 440 554 510; x_wconf 73' lang='lat' dir='ltr'><strong>sinent,</strong></span> <span class='ocrx_word' id='word_1_6' title='bbox 574 461 732 520; x_wconf 65' lang='lat' dir='ltr'><strong>meamne</strong></span> <span class='ocrx_word' id='word_1_7' title='bbox 755 443 870 520; x_wconf 62' lang='lat' dir='ltr'><strong>rement</strong></span> <span class='ocrx_word' id='word_1_8' title='bbox 890 447 928 506; x_wconf 80' lang='lat' dir='ltr'><strong>mi</strong></span> <span class='ocrx_word' id='word_1_9' title='bbox 948 465 1046 524; x_wconf 86' lang='lat' dir='ltr'><strong>qoem·</strong></span> 
     </span>
     <span class='ocr_line' id='line_1_3' title="bbox 171 541 1046 624; baseline 0.011 -24"><span class='ocrx_word' id='word_1_10' title='bbox 171 557 296 618; x_wconf 84' lang='lat' dir='ltr'><strong>eumque</strong></span> <span class='ocrx_word' id='word_1_11' title='bbox 310 542 375 616; x_wconf 82' lang='lat' dir='ltr'><strong>ipre</strong></span> <span class='ocrx_word' id='word_1_12' title='bbox 388 541 529 611; x_wconf 87' lang='lat' dir='ltr'><strong>dotorem,</strong></span> <span class='ocrx_word' id='word_1_13' title='bbox 541 543 759 620; x_wconf 81' lang='lat' dir='ltr'><strong>omoiotumque</strong></span> <span class='ocrx_word' id='word_1_14' title='bbox 769 547 920 606; x_wconf 73' lang='lat' dir='ltr'>ducentur.</span> <span class='ocrx_word' id='word_1_15' title='bbox 932 549 1046 624; x_wconf 62' lang='lat' dir='ltr'><strong>sapien*</strong></span> 
     </span>
     <span class='ocr_line' id='line_1_4' title="bbox 170 640 1046 723; baseline 0.008 -23"><span class='ocrx_word' id='word_1_16' title='bbox 170 642 209 700; x_wconf 84' lang='lat' dir='ltr'><strong>tie</strong></span> <span class='ocrx_word' id='word_1_17' title='bbox 223 647 268 698; x_wconf 82' lang='lat' dir='ltr'><strong>eet</strong></span> <span class='ocrx_word' id='word_1_18' title='bbox 282 640 362 698; x_wconf 86' lang='lat' dir='ltr'><strong>euim</strong></span> <span class='ocrx_word' id='word_1_19' title='bbox 371 640 534 712; x_wconf 68' lang='lat' dir='ltr'><strong>proprium</strong></span> <span class='ocrx_word' id='word_1_20' title='bbox 554 643 638 712; x_wconf 88' lang='lat' dir='ltr'><strong>nihii,</strong></span> <span class='ocrx_word' id='word_1_21' title='bbox 657 643 678 676; x_wconf 77' lang='lat'><strong>¹&#39;</strong></span> <span class='ocrx_word' id='word_1_22' title='bbox 691 647 767 720; x_wconf 83' lang='lat' dir='ltr'><strong>quod</strong></span> <span class='ocrx_word' id='word_1_23' title='bbox 782 647 932 720; x_wconf 87' lang='lat' dir='ltr'><strong>poenitere</strong></span> <span class='ocrx_word' id='word_1_24' title='bbox 947 650 1046 723; x_wconf 76' lang='lat' dir='ltr'><strong>poerit,</strong></span> 
     </span>
     <span class='ocr_line' id='line_1_5' title="bbox 170 739 1047 822; baseline 0.008 -22"><span class='ocrx_word' id='word_1_25' title='bbox 170 741 279 808; x_wconf 73' lang='lat' dir='ltr'><strong>tortere,</strong></span> <span class='ocrx_word' id='word_1_26' title='bbox 293 741 368 799; x_wconf 84' lang='lat' dir='ltr'><strong>nihil</strong></span> <span class='ocrx_word' id='word_1_27' title='bbox 391 739 541 800; x_wconf 84' lang='lat' dir='ltr'><strong>invitum:</strong></span> <span class='ocrx_word' id='word_1_28' title='bbox 560 745 724 818; x_wconf 71' lang='lat' dir='ltr'><strong>splendide,</strong></span> <span class='ocrx_word' id='word_1_29' title='bbox 747 753 926 816; x_wconf 71' lang='lat' dir='ltr'><strong>constanter,</strong></span> <span class='ocrx_word' id='word_1_30' title='bbox 950 749 1047 822; x_wconf 76' lang='lat' dir='ltr'><strong>grovi-</strong></span> 
     </span>
     <span class='ocr_line' id='line_1_6' title="bbox 170 841 1048 921; baseline 0.006 -21"><span class='ocrx_word' id='word_1_31' title='bbox 170 845 225 908; x_wconf 74' lang='lat' dir='ltr'><strong>nr,</strong></span> <span class='ocrx_word' id='word_1_32' title='bbox 239 841 362 896; x_wconf 75' lang='lat' dir='ltr'>honeste</span> <span class='ocrx_word' id='word_1_33' title='bbox 380 842 497 900; x_wconf 84' lang='lat' dir='ltr'><strong>omnia:</strong></span> <span class='ocrx_word' id='word_1_34' title='bbox 518 843 591 902; x_wconf 84' lang='lat' dir='ltr'><strong>nihii</strong></span> <span class='ocrx_word' id='word_1_35' title='bbox 606 844 649 902; x_wconf 84' lang='lat' dir='ltr'><strong>ito</strong></span> <span class='ocrx_word' id='word_1_36' title='bbox 672 853 855 920; x_wconf 61' lang='lat' dir='ltr'><strong>eupatore,</strong></span> <span class='ocrx_word' id='word_1_37' title='bbox 868 847 950 921; x_wconf 79' lang='lat' dir='ltr'><strong>qumi</strong></span> <span class='ocrx_word' id='word_1_38' title='bbox 964 853 1048 906; x_wconf 86' lang='lat' dir='ltr'><strong>eerto</strong></span> 
     </span>
     <span class='ocr_line' id='line_1_7' title="bbox 168 938 1047 1020; baseline 0.007 -22"><span class='ocrx_word' id='word_1_39' title='bbox 168 938 314 1010; x_wconf 69' lang='lat' dir='ltr'><strong>tutorum</strong></span> <span class='ocrx_word' id='word_1_40' title='bbox 336 940 418 1008; x_wconf 81' lang='lat' dir='ltr'><strong>nihii,</strong></span> <span class='ocrx_word' id='word_1_41' title='bbox 432 957 499 1008; x_wconf 85' lang='lat' dir='ltr'><strong>oum</strong></span> <span class='ocrx_word' id='word_1_42' title='bbox 524 945 674 1012; x_wconf 79' lang='lat' dir='ltr'><strong>reciderit,</strong></span> <span class='ocrx_word' id='word_1_43' title='bbox 698 945 846 1013; x_wconf 75' lang='lat' dir='ltr'><strong>admirari,</strong></span> <span class='ocrx_word' id='word_1_44' title='bbox 859 950 892 1002; x_wconf 88' lang='lat' dir='ltr'><strong>nt</strong></span> <span class='ocrx_word' id='word_1_45' title='bbox 915 943 1047 1020; x_wconf 82' lang='lat' dir='ltr'><strong>inopine·</strong></span> 
     </span>
     <span class='ocr_line' id='line_1_8' title="bbox 171 1031 1047 1104; baseline 0.007 -6"><span class='ocrx_word' id='word_1_46' title='bbox 171 1043 234 1098; x_wconf 82' lang='lat' dir='ltr'><strong>turn</strong></span> <span class='ocrx_word' id='word_1_47' title='bbox 258 1057 294 1098; x_wconf 83' lang='lat' dir='ltr'><strong>eo</strong></span> <span class='ocrx_word' id='word_1_48' title='bbox 315 1059 424 1100; x_wconf 87' lang='lat' dir='ltr'><strong>novum</strong></span> <span class='ocrx_word' id='word_1_49' title='bbox 447 1031 591 1102; x_wconf 79' lang='lat' dir='ltr'><strong>aeeidiree</strong></span> <span class='ocrx_word' id='word_1_50' title='bbox 612 1045 768 1102; x_wconf 78' lang='lat' dir='ltr'><strong>videatur:</strong></span> <span class='ocrx_word' id='word_1_51' title='bbox 788 1044 888 1102; x_wconf 79' lang='lat' dir='ltr'><strong>omnio</strong></span> <span class='ocrx_word' id='word_1_52' title='bbox 913 1046 951 1101; x_wconf 83' lang='lat' dir='ltr'><strong>ad</strong></span> <span class='ocrx_word' id='word_1_53' title='bbox 964 1059 1047 1104; x_wconf 77' lang='lat' dir='ltr'><strong>ouum</strong></span> 
     </span>
     <span class='ocr_line' id='line_1_9' title="bbox 171 1140 1048 1218; baseline 0.002 -18"><span class='ocrx_word' id='word_1_54' title='bbox 171 1140 321 1200; x_wconf 74' lang='lat' dir='ltr'><strong>arbitrium</strong></span> <span class='ocrx_word' id='word_1_55' title='bbox 342 1142 466 1199; x_wconf 84' lang='lat' dir='ltr'><strong>reterre:</strong></span> <span class='ocrx_word' id='word_1_56' title='bbox 487 1143 546 1200; x_wconf 81' lang='lat' dir='ltr'><strong>mir</strong></span> <span class='ocrx_word' id='word_1_57' title='bbox 559 1149 637 1202; x_wconf 83' lang='lat' dir='ltr'><strong>etnre</strong></span> <span class='ocrx_word' id='word_1_58' title='bbox 655 1143 789 1216; x_wconf 75' lang='lat' dir='ltr'><strong>Judioiie.</strong></span> <span class='ocrx_word' id='word_1_59' title='bbox 830 1145 898 1216; x_wconf 78' lang='lat' dir='ltr'><strong>Quo</strong></span> <span class='ocrx_word' id='word_1_60' title='bbox 920 1144 988 1218; x_wconf 84' lang='lat' dir='ltr'><strong>quid</strong></span> <span class='ocrx_word' id='word_1_61' title='bbox 1009 1144 1048 1202; x_wconf 88' lang='lat' dir='ltr'><strong>eit</strong></span> 
     </span>
     <span class='ocr_line' id='line_1_10' title="bbox 172 1239 1046 1316; baseline 0 -16"><span class='ocrx_word' id='word_1_62' title='bbox 172 1241 295 1308; x_wconf 78' lang='lat' dir='ltr'><strong>mariue,</strong></span> <span class='ocrx_word' id='word_1_63' title='bbox 318 1239 392 1298; x_wconf 86' lang='lat' dir='ltr'><strong>mihi</strong></span> <span class='ocrx_word' id='word_1_64' title='bbox 415 1246 495 1298; x_wconf 87' lang='lat' dir='ltr'><strong>uerte</strong></span> <span class='ocrx_word' id='word_1_65' title='bbox 519 1243 550 1300; x_wconf 89' lang='lat' dir='ltr'><strong>in</strong></span> <span class='ocrx_word' id='word_1_66' title='bbox 578 1249 707 1301; x_wconf 79' lang='lat' dir='ltr'>mentem</span> <span class='ocrx_word' id='word_1_67' title='bbox 735 1242 837 1301; x_wconf 85' lang='lat' dir='ltr'><strong>venire</strong></span> <span class='ocrx_word' id='word_1_68' title='bbox 862 1259 921 1300; x_wconf 86' lang='lat' dir='ltr'><strong>non</strong></span> <span class='ocrx_word' id='word_1_69' title='bbox 942 1249 1046 1316; x_wconf 76' lang='lat' dir='ltr'><strong>potent</strong></span> 
     </span>
     <span class='ocr_line' id='line_1_11' title="bbox 172 1339 1048 1417; baseline 0.002 -17"><span class='ocrx_word' id='word_1_70' title='bbox 172 1340 339 1400; x_wconf 70' lang='lat' dir='ltr'><strong>fitoioorum</strong></span> <span class='ocrx_word' id='word_1_71' title='bbox 367 1339 485 1415; x_wconf 87' lang='lat' dir='ltr'><strong>quidem</strong></span> <span class='ocrx_word' id='word_1_72' title='bbox 512 1341 607 1398; x_wconf 77' lang='lat' dir='ltr'><strong>tacitis</strong></span> <span class='ocrx_word' id='word_1_73' title='bbox 633 1343 785 1400; x_wconf 80' lang='lat' dir='ltr'><strong>oonotueio</strong></span> <span class='ocrx_word' id='word_1_74' title='bbox 812 1347 875 1400; x_wconf 75' lang='lat' dir='ltr'><strong>ert:</strong></span> <span class='ocrx_word' id='word_1_75' title='bbox 903 1343 953 1417; x_wconf 88' lang='lat' dir='ltr'><strong>qui</strong></span> <span class='ocrx_word' id='word_1_76' title='bbox 979 1359 1048 1402; x_wconf 83' lang='lat' dir='ltr'><strong>oum</strong></span> 
     </span>
     <span class='ocr_line' id='line_1_12' title="bbox 172 1440 1048 1516; baseline -0.001 -18"><span class='ocrx_word' id='word_1_77' title='bbox 172 1440 262 1498; x_wconf 82' lang='lat' dir='ltr'><strong>tinem</strong></span> <span class='ocrx_word' id='word_1_78' title='bbox 290 1442 431 1498; x_wconf 87' lang='lat' dir='ltr'><strong>bonorum</strong></span> <span class='ocrx_word' id='word_1_79' title='bbox 459 1457 524 1498; x_wconf 80' lang='lat' dir='ltr'><strong>eene</strong></span> <span class='ocrx_word' id='word_1_80' title='bbox 551 1441 705 1510; x_wconf 75' lang='lat' dir='ltr'><strong>senserint,</strong></span> <span class='ocrx_word' id='word_1_81' title='bbox 732 1457 892 1516; x_wconf 75' lang='lat' dir='ltr'><strong>congruere</strong></span> <span class='ocrx_word' id='word_1_82' title='bbox 916 1447 1048 1508; x_wconf 77' lang='lat' dir='ltr'><strong>naturae,</strong></span> 
     </span>
     <span class='ocr_line' id='line_1_13' title="bbox 172 1538 1048 1612; baseline -0.002 -15"><span class='ocrx_word' id='word_1_83' title='bbox 172 1555 298 1612; x_wconf 86' lang='lat' dir='ltr'><strong>eumque</strong></span> <span class='ocrx_word' id='word_1_84' title='bbox 314 1557 350 1595; x_wconf 83' lang='lat' dir='ltr'><strong>ee</strong></span> <span class='ocrx_word' id='word_1_85' title='bbox 369 1538 585 1596; x_wconf 80' lang='lat' dir='ltr'><strong>oooveaieoter</strong></span> <span class='ocrx_word' id='word_1_86' title='bbox 604 1541 725 1597; x_wconf 80' lang='lat' dir='ltr'><strong>vivere:</strong></span> <span class='ocrx_word' id='word_1_87' title='bbox 746 1557 813 1598; x_wconf 88' lang='lat' dir='ltr'><strong>oum</strong></span> <span class='ocrx_word' id='word_1_88' title='bbox 826 1541 858 1598; x_wconf 84' lang='lat' dir='ltr'><strong>id</strong></span> <span class='ocrx_word' id='word_1_89' title='bbox 871 1538 909 1596; x_wconf 79' lang='lat' dir='ltr'><strong>eit</strong></span> <span class='ocrx_word' id='word_1_90' title='bbox 928 1539 947 1570; x_wconf 81' lang='lat'><strong>¹¹</strong></span> <span class='ocrx_word' id='word_1_91' title='bbox 959 1539 990 1595; x_wconf 91' lang='lat' dir='ltr'><strong>in</strong></span> <span class='ocrx_word' id='word_1_92' title='bbox 1005 1555 1048 1596; x_wconf 66' lang='lat' dir='ltr'><strong>eo</strong></span> 
     </span>
     <span class='ocr_line' id='line_1_14' title="bbox 172 1636 1050 1712; baseline 0 -18"><span class='ocrx_word' id='word_1_93' title='bbox 172 1636 274 1712; x_wconf 86' lang='lat' dir='ltr'><strong>piente</strong></span> <span class='ocrx_word' id='word_1_94' title='bbox 288 1637 384 1704; x_wconf 79' lang='lat' dir='ltr'><strong>eitum,</strong></span> <span class='ocrx_word' id='word_1_95' title='bbox 409 1655 469 1694; x_wconf 88' lang='lat' dir='ltr'><strong>non</strong></span> <span class='ocrx_word' id='word_1_96' title='bbox 494 1637 591 1696; x_wconf 89' lang='lat' dir='ltr'><strong>offieio</strong></span> <span class='ocrx_word' id='word_1_97' title='bbox 609 1639 712 1702; x_wconf 76' lang='lat' dir='ltr'><strong>notum,</strong></span> <span class='ocrx_word' id='word_1_98' title='bbox 725 1653 827 1694; x_wconf 83' lang='lat' dir='ltr'><strong>verum</strong></span> <span class='ocrx_word' id='word_1_99' title='bbox 851 1638 940 1694; x_wconf 84' lang='lat' dir='ltr'><strong>etiem</strong></span> <span class='ocrx_word' id='word_1_100' title='bbox 955 1642 1050 1710; x_wconf 71' lang='lat' dir='ltr'><strong>potet·</strong></span> 
     </span>
     <span class='ocr_line' id='line_1_15' title="bbox 172 1735 1048 1811; baseline 0 -17"><span class='ocrx_word' id='word_1_101' title='bbox 172 1740 253 1794; x_wconf 76' lang='lat' dir='ltr'><strong>tete:</strong></span> <span class='ocrx_word' id='word_1_102' title='bbox 275 1743 409 1811; x_wconf 76' lang='lat' dir='ltr'><strong>nequatur</strong></span> <span class='ocrx_word' id='word_1_103' title='bbox 424 1753 545 1794; x_wconf 80' lang='lat' dir='ltr'><strong>neoeeee</strong></span> <span class='ocrx_word' id='word_1_104' title='bbox 559 1742 614 1804; x_wconf 85' lang='lat' dir='ltr'><strong>eet,</strong></span> <span class='ocrx_word' id='word_1_105' title='bbox 624 1742 656 1793; x_wconf 90' lang='lat' dir='ltr'><strong>ut</strong></span> <span class='ocrx_word' id='word_1_106' title='bbox 669 1735 752 1810; x_wconf 78' lang='lat' dir='ltr'><strong>oujue</strong></span> <span class='ocrx_word' id='word_1_107' title='bbox 766 1735 797 1793; x_wconf 87' lang='lat' dir='ltr'><strong>ia</strong></span> <span class='ocrx_word' id='word_1_108' title='bbox 811 1742 955 1810; x_wconf 77' lang='lat' dir='ltr'><strong>potestate</strong></span> <span class='ocrx_word' id='word_1_109' title='bbox 974 1751 1048 1794; x_wconf 75' lang='lat' dir='ltr'><strong>eum</strong></span> 
     </span>
     <span class='ocr_line' id='line_1_16' title="bbox 173 1835 1049 1908; baseline -0.003 -14"><span class='ocrx_word' id='word_1_110' title='bbox 173 1849 253 1894; x_wconf 87' lang='lat' dir='ltr'><strong>mum</strong></span> <span class='ocrx_word' id='word_1_111' title='bbox 266 1837 381 1903; x_wconf 88' lang='lat' dir='ltr'><strong>bonum,</strong></span> <span class='ocrx_word' id='word_1_112' title='bbox 393 1835 423 1893; x_wconf 89' lang='lat' dir='ltr'><strong>in</strong></span> <span class='ocrx_word' id='word_1_113' title='bbox 435 1836 566 1908; x_wconf 71' lang='lat' dir='ltr'><strong>ejusdem</strong></span> <span class='ocrx_word' id='word_1_114' title='bbox 581 1836 644 1894; x_wconf 85' lang='lat' dir='ltr'><strong>vita</strong></span> <span class='ocrx_word' id='word_1_115' title='bbox 655 1838 741 1900; x_wconf 78' lang='lat' dir='ltr'><strong>beate</strong></span> <span class='ocrx_word' id='word_1_116' title='bbox 755 1837 802 1892; x_wconf 83' lang='lat' dir='ltr'><strong>eit.</strong></span> <span class='ocrx_word' id='word_1_117' title='bbox 838 1837 883 1898; x_wconf 79' lang='lat' dir='ltr'><strong>ite</strong></span> <span class='ocrx_word' id='word_1_118' title='bbox 894 1837 1049 1908; x_wconf 81' lang='lat' dir='ltr'><strong>titeemper</strong></span> 
     </span>
     <span class='ocr_line' id='line_1_17' title="bbox 172 1935 1047 2012; baseline -0.003 -17"><span class='ocrx_word' id='word_1_119' title='bbox 172 1935 235 1995; x_wconf 84' lang='lat' dir='ltr'><strong>vite</strong></span> <span class='ocrx_word' id='word_1_120' title='bbox 251 1937 336 1994; x_wconf 82' lang='lat' dir='ltr'><strong>beate</strong></span> <span class='ocrx_word' id='word_1_121' title='bbox 349 1936 500 2008; x_wconf 76' lang='lat' dir='ltr'><strong>sapientie.</strong></span> <span class='ocrx_word' id='word_1_122' title='bbox 544 1936 653 2002; x_wconf 79' lang='lat' dir='ltr'><strong>Haben,</strong></span> <span class='ocrx_word' id='word_1_123' title='bbox 668 1955 741 2012; x_wconf 79' lang='lat' dir='ltr'><strong>quae</strong></span> <span class='ocrx_word' id='word_1_124' title='bbox 763 1937 917 1994; x_wconf 72' lang='lat' dir='ltr'><strong>fortissime</strong></span> <span class='ocrx_word' id='word_1_125' title='bbox 930 1938 967 1993; x_wconf 87' lang='lat' dir='ltr'><strong>de</strong></span> <span class='ocrx_word' id='word_1_126' title='bbox 982 1938 1047 1992; x_wconf 78' lang='lat' dir='ltr'><strong>beo·</strong></span> 
     </span>
     <span class='ocr_line' id='line_1_18' title="bbox 168 2035 1048 2120; baseline 0.002 -28"><span class='ocrx_word' id='word_1_127' title='bbox 168 2041 202 2120; x_wconf 72' lang='lat' dir='ltr'><strong>tn</strong></span> <span class='ocrx_word' id='word_1_128' title='bbox 212 2035 274 2092; x_wconf 83' lang='lat' dir='ltr'><strong>vita</strong></span> <span class='ocrx_word' id='word_1_129' title='bbox 283 2035 343 2093; x_wconf 82' lang='lat' dir='ltr'><strong>diei</strong></span> <span class='ocrx_word' id='word_1_130' title='bbox 359 2040 467 2108; x_wconf 86' lang='lat' dir='ltr'><strong>putem,</strong></span> <span class='ocrx_word' id='word_1_131' title='bbox 479 2040 519 2103; x_wconf 87' lang='lat' dir='ltr'><strong>et,</strong></span> <span class='ocrx_word' id='word_1_132' title='bbox 532 2037 687 2110; x_wconf 87' lang='lat' dir='ltr'><strong>quomodo</strong></span> <span class='ocrx_word' id='word_1_133' title='bbox 701 2051 779 2100; x_wconf 88' lang='lat' dir='ltr'><strong>nuno</strong></span> <span class='ocrx_word' id='word_1_134' title='bbox 794 2041 848 2106; x_wconf 80' lang='lat' dir='ltr'><strong>eet,</strong></span> <span class='ocrx_word' id='word_1_135' title='bbox 861 2035 919 2094; x_wconf 79' lang='lat' dir='ltr'><strong>uiri</strong></span> <span class='ocrx_word' id='word_1_136' title='bbox 933 2035 1001 2112; x_wconf 87' lang='lat' dir='ltr'><strong>quid</strong></span> <span class='ocrx_word' id='word_1_137' title='bbox 1016 2041 1048 2094; x_wconf 81' lang='lat' dir='ltr'><strong>tn</strong></span> 
     </span>
    </p>
   </div>
   <div class='ocr_carea' id='block_1_3' title="bbox 172 2135 1100 2702">
    <p class='ocr_par' dir='ltr' id='par_1_3' title="bbox 172 2135 707 2222">
     <span class='ocr_line' id='line_1_19' title="bbox 172 2135 707 2222; baseline 0.004 -30"><span class='ocrx_word' id='word_1_138' title='bbox 172 2135 276 2192; x_wconf 77' lang='lat' dir='ltr'><strong>metior</strong></span> <span class='ocrx_word' id='word_1_139' title='bbox 290 2135 431 2202; x_wconf 71' lang='lat' dir='ltr'><strong>animeris,</strong></span> <span class='ocrx_word' id='word_1_140' title='bbox 440 2136 528 2222; x_wconf 57' lang='lat' dir='ltr'><strong>etiem</strong></span> <span class='ocrx_word' id='word_1_141' title='bbox 545 2135 707 2194; x_wconf 75' lang='lat' dir='ltr'><strong>verissime.</strong></span> 
     </span>
    </p>

    <p class='ocr_par' dir='ltr' id='par_1_4' title="bbox 173 2232 1100 2702">
     <span class='ocr_line' id='line_1_20' title="bbox 214 2232 1100 2309; baseline 0 -17"><span class='ocrx_word' id='word_1_142' title='bbox 214 2235 253 2292; x_wconf 88' lang='lat' dir='ltr'><strong>A.</strong></span> <span class='ocrx_word' id='word_1_143' title='bbox 270 2233 378 2290; x_wconf 74' lang='lat' dir='ltr'><strong>Metius</strong></span> <span class='ocrx_word' id='word_1_144' title='bbox 389 2233 411 2264; x_wconf 78' lang='lat'><strong>¹²</strong></span> <span class='ocrx_word' id='word_1_145' title='bbox 424 2235 559 2309; x_wconf 81' lang='lat' dir='ltr'><strong>equidem</strong></span> <span class='ocrx_word' id='word_1_146' title='bbox 573 2236 674 2294; x_wconf 80' lang='lat' dir='ltr'><strong>afferre</strong></span> <span class='ocrx_word' id='word_1_147' title='bbox 689 2235 763 2294; x_wconf 89' lang='lat' dir='ltr'><strong>nihil</strong></span> <span class='ocrx_word' id='word_1_148' title='bbox 779 2251 913 2304; x_wconf 75' lang='lat' dir='ltr'><strong>poenum:</strong></span> <span class='ocrx_word' id='word_1_149' title='bbox 932 2232 954 2266; x_wconf 83' lang='lat'><strong>¹³</strong></span> <span class='ocrx_word' id='word_1_150' title='bbox 963 2235 1014 2291; x_wconf 84' lang='lat' dir='ltr'><strong>eed</strong></span> <span class='ocrx_word' id='word_1_151' title='bbox 1028 2235 1100 2294; x_wconf 67' lang='lat'><strong>829</strong></span> 
     </span>
     <span class='ocr_line' id='line_1_21' title="bbox 174 2330 1047 2410; baseline 0 -19"><span class='ocrx_word' id='word_1_152' title='bbox 174 2337 205 2391; x_wconf 89' lang='lat' dir='ltr'><strong>te</strong></span> <span class='ocrx_word' id='word_1_153' title='bbox 219 2330 410 2406; x_wconf 77' lang='lat' dir='ltr'><strong>(impetrarim</strong></span> <span class='ocrx_word' id='word_1_154' title='bbox 424 2335 559 2402; x_wconf 86' lang='lat' dir='ltr'><strong>libenter,</strong></span> <span class='ocrx_word' id='word_1_155' title='bbox 584 2335 640 2392; x_wconf 80' lang='lat' dir='ltr'><strong>niei</strong></span> <span class='ocrx_word' id='word_1_156' title='bbox 664 2337 816 2392; x_wconf 79' lang='lat' dir='ltr'><strong>molestum</strong></span> <span class='ocrx_word' id='word_1_157' title='bbox 837 2335 886 2402; x_wconf 81' lang='lat' dir='ltr'><strong>eit,</strong></span> <span class='ocrx_word' id='word_1_158' title='bbox 909 2333 1047 2410; x_wconf 80' lang='lat' dir='ltr'><strong>quoniam</strong></span> 
     </span>
     <span class='ocr_line' id='line_1_22' title="bbox 173 2430 1047 2506; baseline 0.002 -20"><span class='ocrx_word' id='word_1_159' title='bbox 173 2431 299 2486; x_wconf 82' lang='lat' dir='ltr'><strong>tenoilo</strong></span> <span class='ocrx_word' id='word_1_160' title='bbox 318 2430 438 2486; x_wconf 87' lang='lat' dir='ltr'><strong>vinouin</strong></span> <span class='ocrx_word' id='word_1_161' title='bbox 452 2431 614 2502; x_wconf 88' lang='lat' dir='ltr'><strong>impediunt</strong></span> <span class='ocrx_word' id='word_1_162' title='bbox 629 2433 715 2488; x_wconf 77' lang='lat' dir='ltr'><strong>nitius</strong></span> <span class='ocrx_word' id='word_1_163' title='bbox 736 2437 833 2488; x_wconf 80' lang='lat' dir='ltr'><strong>certae</strong></span> <span class='ocrx_word' id='word_1_164' title='bbox 861 2433 1047 2506; x_wconf 68' lang='lat' dir='ltr'><strong>disciptinae,</strong></span> 
     </span>
     <span class='ocr_line' id='line_1_23' title="bbox 175 2527 1047 2603; baseline 0.003 -19"><span class='ocrx_word' id='word_1_165' title='bbox 175 2527 307 2600; x_wconf 79' lang='lat' dir='ltr'><strong>libusque</strong></span> <span class='ocrx_word' id='word_1_166' title='bbox 329 2545 367 2583; x_wconf 83' lang='lat' dir='ltr'><strong>ex</strong></span> <span class='ocrx_word' id='word_1_167' title='bbox 381 2527 523 2595; x_wconf 77' lang='lat' dir='ltr'><strong>omuibus,</strong></span> <span class='ocrx_word' id='word_1_168' title='bbox 537 2529 737 2603; x_wconf 77' lang='lat' dir='ltr'><strong>quodcumque</strong></span> <span class='ocrx_word' id='word_1_169' title='bbox 754 2533 782 2584; x_wconf 86' lang='lat' dir='ltr'><strong>te</strong></span> <span class='ocrx_word' id='word_1_170' title='bbox 803 2529 932 2586; x_wconf 82' lang='lat' dir='ltr'><strong>maxime</strong></span> <span class='ocrx_word' id='word_1_171' title='bbox 946 2531 1047 2602; x_wconf 83' lang='lat' dir='ltr'><strong>epecie</strong></span> 
     </span>
     <span class='ocr_line' id='line_1_24' title="bbox 174 2625 1047 2702; baseline 0.001 -17"><span class='ocrx_word' id='word_1_172' title='bbox 174 2625 309 2686; x_wconf 72' lang='lat' dir='ltr'><strong>ueritatis</strong></span> <span class='ocrx_word' id='word_1_173' title='bbox 337 2631 457 2684; x_wconf 77' lang='lat' dir='ltr'><strong>movet:</strong></span> <span class='ocrx_word' id='word_1_174' title='bbox 492 2627 567 2702; x_wconf 84' lang='lat' dir='ltr'><strong>quod</strong></span> <span class='ocrx_word' id='word_1_175' title='bbox 594 2630 692 2700; x_wconf 83' lang='lat' dir='ltr'><strong>paullo</strong></span> <span class='ocrx_word' id='word_1_176' title='bbox 719 2633 789 2686; x_wconf 84' lang='lat' dir='ltr'><strong>onte</strong></span> <span class='ocrx_word' id='word_1_177' title='bbox 824 2627 1047 2702; x_wconf 72' lang='lat' dir='ltr'><strong>Peripateticos.</strong></span> 
     </span>
    </p>
   </div>
   <div class='ocr_carea' id='block_1_4' title="bbox 173 2779 1046 2899">
    <p class='ocr_par' dir='ltr' id='par_1_5' title="bbox 173 2779 1046 2899">
     <span class='ocr_line' id='line_1_25' title="bbox 205 2779 1046 2844; baseline 0.001 -17"><span class='ocrx_word' id='word_1_178' title='bbox 205 2781 226 2813; x_wconf 87' lang='lat'><strong>¹⁰</strong></span> <span class='ocrx_word' id='word_1_179' title='bbox 239 2781 297 2839; x_wconf 79' lang='lat' dir='ltr'><strong>puori</strong></span> <span class='ocrx_word' id='word_1_180' title='bbox 304 2781 415 2840; x_wconf 83' lang='lat' dir='ltr'><strong>poenitere</strong></span> <span class='ocrx_word' id='word_1_181' title='bbox 423 2779 497 2842; x_wconf 80' lang='lat' dir='ltr'><strong>poerit]</strong></span> <span class='ocrx_word' id='word_1_182' title='bbox 514 2793 535 2826; x_wconf 84' lang='lat' dir='ltr'><strong>v.</strong></span> <span class='ocrx_word' id='word_1_183' title='bbox 547 2779 612 2827; x_wconf 78' lang='lat' dir='ltr'>clav.</span> <span class='ocrx_word' id='word_1_184' title='bbox 621 2779 643 2826; x_wconf 88' lang='lat' dir='ltr'><strong>in</strong></span> <span class='ocrx_word' id='word_1_185' title='bbox 651 2781 768 2838; x_wconf 80' lang='lat' dir='ltr'><strong>poenitere.</strong></span> <span class='ocrx_word' id='word_1_186' title='bbox 777 2795 821 2828; x_wconf 85' lang='lat' dir='ltr'><strong>ooo</strong></span> <span class='ocrx_word' id='word_1_187' title='bbox 830 2787 879 2828; x_wconf 79' lang='lat' dir='ltr'><strong>erut</strong></span> <span class='ocrx_word' id='word_1_188' title='bbox 888 2795 957 2844; x_wconf 85' lang='lat' dir='ltr'><strong>quare</strong></span> <span class='ocrx_word' id='word_1_189' title='bbox 966 2781 1046 2830; x_wconf 75' lang='lat' dir='ltr'><strong>lamb.</strong></span> 
     </span>
     <span class='ocr_line' id='line_1_26' title="bbox 173 2839 379 2899; baseline -0.01 -13"><span class='ocrx_word' id='word_1_190' title='bbox 173 2839 297 2897; x_wconf 70' lang='lat' dir='ltr'><strong>corrigeret</strong></span> <span class='ocrx_word' id='word_1_191' title='bbox 306 2841 379 2899; x_wconf 73' lang='lat' dir='ltr'><strong>eujus.</strong></span> 
     </span>
    </p>
   </div>
   <div class='ocr_carea' id='block_1_5' title="bbox 205 2916 1048 2978">
    <p class='ocr_par' dir='ltr' id='par_1_6' title="bbox 205 2916 1048 2978">
     <span class='ocr_line' id='line_1_27' title="bbox 205 2916 1048 2978; baseline 0.005 -16"><span class='ocrx_word' id='word_1_192' title='bbox 205 2919 223 2950; x_wconf 86' lang='lat'><strong>¹¹</strong></span> <span class='ocrx_word' id='word_1_193' title='bbox 239 2917 265 2963; x_wconf 79' lang='lat' dir='ltr'><strong>tn</strong></span> <span class='ocrx_word' id='word_1_194' title='bbox 279 2919 375 2975; x_wconf 77' lang='lat' dir='ltr'><strong>rapiente</strong></span> <span class='ocrx_word' id='word_1_195' title='bbox 394 2917 481 2978; x_wconf 83' lang='lat' dir='ltr'><strong>ritum]</strong></span> <span class='ocrx_word' id='word_1_196' title='bbox 513 2916 550 2964; x_wconf 80' lang='lat' dir='ltr'><strong>Sic</strong></span> <span class='ocrx_word' id='word_1_197' title='bbox 567 2916 619 2963; x_wconf 88' lang='lat' dir='ltr'><strong>iibri</strong></span> <span class='ocrx_word' id='word_1_198' title='bbox 637 2931 721 2964; x_wconf 77' lang='lat' dir='ltr'><strong>omnen.</strong></span> <span class='ocrx_word' id='word_1_199' title='bbox 753 2918 873 2965; x_wconf 79' lang='lat' dir='ltr'><strong>Lambinus</strong></span> <span class='ocrx_word' id='word_1_200' title='bbox 882 2921 982 2966; x_wconf 80' lang='lat' dir='ltr'><strong>correxit</strong></span> <span class='ocrx_word' id='word_1_201' title='bbox 991 2919 1048 2977; x_wconf 79' lang='lat' dir='ltr'><strong>eopi-</strong></span> 
     </span>
    </p>
   </div>
   <div class='ocr_carea' id='block_1_6' title="bbox 173 2976 1048 3097">
    <p class='ocr_par' dir='ltr' id='par_1_7' title="bbox 173 2976 1048 3097">
     <span class='ocr_line' id='line_1_28' title="bbox 176 2976 1048 3040; baseline 0.002 -17"><span class='ocrx_word' id='word_1_202' title='bbox 176 2977 240 3030; x_wconf 71' lang='lat' dir='ltr'><strong>eatis,</strong></span> <span class='ocrx_word' id='word_1_203' title='bbox 256 2979 315 3037; x_wconf 86' lang='lat' dir='ltr'><strong>quod</strong></span> <span class='ocrx_word' id='word_1_204' title='bbox 333 2981 419 3024; x_wconf 74' lang='lat' dir='ltr'><strong>ree-utus</strong></span> <span class='ocrx_word' id='word_1_205' title='bbox 434 2982 469 3024; x_wconf 81' lang='lat' dir='ltr'><strong>eet</strong></span> <span class='ocrx_word' id='word_1_206' title='bbox 489 2976 593 3035; x_wconf 80' lang='lat' dir='ltr'><strong>Daritim</strong></span> <span class='ocrx_word' id='word_1_207' title='bbox 603 2977 639 3025; x_wconf 85' lang='lat' dir='ltr'><strong>ed.</strong></span> <span class='ocrx_word' id='word_1_208' title='bbox 650 2981 672 3026; x_wconf 82' lang='lat'><strong>2.</strong></span> <span class='ocrx_word' id='word_1_209' title='bbox 684 2991 764 3040; x_wconf 82' lang='lat' dir='ltr'><strong>nempe</strong></span> <span class='ocrx_word' id='word_1_210' title='bbox 780 2978 891 3026; x_wconf 75' lang='lat' dir='ltr'><strong>referebat</strong></span> <span class='ocrx_word' id='word_1_211' title='bbox 901 2979 931 3026; x_wconf 93' lang='lat' dir='ltr'><strong>ad</strong></span> <span class='ocrx_word' id='word_1_212' title='bbox 946 2979 1015 3040; x_wconf 72' lang='lat' dir='ltr'><strong>officio</strong></span> <span class='ocrx_word' id='word_1_213' title='bbox 1024 2983 1048 3026; x_wconf 84' lang='lat' dir='ltr'><strong>et</strong></span> 
     </span>
     <span class='ocr_line' id='line_1_29' title="bbox 173 3035 486 3097; baseline 0.006 -16"><span class='ocrx_word' id='word_1_214' title='bbox 173 3039 274 3094; x_wconf 77' lang='lat' dir='ltr'><strong>potestate</strong></span> <span class='ocrx_word' id='word_1_215' title='bbox 285 3035 391 3096; x_wconf 76' lang='lat' dir='ltr'><strong>inprimit,</strong></span> <span class='ocrx_word' id='word_1_216' title='bbox 403 3036 486 3097; x_wconf 75' lang='lat' dir='ltr'><strong>placet.</strong></span> 
     </span>
    </p>
   </div>
   <div class='ocr_carea' id='block_1_7' title="bbox 205 3113 1028 3179">
    <p class='ocr_par' dir='ltr' id='par_1_8' title="bbox 205 3113 1028 3179">
     <span class='ocr_line' id='line_1_30' title="bbox 205 3113 1028 3179; baseline 0.006 -19"><span class='ocrx_word' id='word_1_217' title='bbox 205 3115 229 3148; x_wconf 80' lang='lat'><strong>¹²</strong></span> <span class='ocrx_word' id='word_1_218' title='bbox 242 3115 360 3176; x_wconf 78' lang='lat' dir='ltr'><strong>equidem]</strong></span> <span class='ocrx_word' id='word_1_219' title='bbox 393 3115 452 3162; x_wconf 86' lang='lat' dir='ltr'><strong>Mn.</strong></span> <span class='ocrx_word' id='word_1_220' title='bbox 463 3113 553 3176; x_wconf 80' lang='lat' dir='ltr'><strong>quidam</strong></span> <span class='ocrx_word' id='word_1_221' title='bbox 564 3115 595 3164; x_wconf 81' lang='lat' dir='ltr'><strong>ete</strong></span> <span class='ocrx_word' id='word_1_222' title='bbox 609 3115 693 3164; x_wconf 79' lang='lat' dir='ltr'><strong>habeat</strong></span> <span class='ocrx_word' id='word_1_223' title='bbox 702 3131 744 3179; x_wconf 91' lang='lat' dir='ltr'><strong>pro</strong></span> <span class='ocrx_word' id='word_1_224' title='bbox 753 3117 844 3176; x_wconf 76' lang='lat' dir='ltr'><strong>vulgato</strong></span> <span class='ocrx_word' id='word_1_225' title='bbox 852 3117 948 3178; x_wconf 62' lang='lat' dir='ltr'><strong>partem</strong></span> <span class='ocrx_word' id='word_1_226' title='bbox 959 3123 1028 3166; x_wconf 82' lang='lat' dir='ltr'><strong>reete.</strong></span> 
     </span>
    </p>
   </div>
   <div class='ocr_carea' id='block_1_8' title="bbox 175 3193 1050 3608">
    <p class='ocr_par' dir='ltr' id='par_1_9' title="bbox 175 3193 1050 3608">
     <span class='ocr_line' id='line_1_31' title="bbox 206 3193 1049 3258; baseline 0.008 -19"><span class='ocrx_word' id='word_1_227' title='bbox 206 3193 227 3227; x_wconf 81' lang='lat'><strong>¹³</strong></span> <span class='ocrx_word' id='word_1_228' title='bbox 242 3195 301 3240; x_wconf 78' lang='lat' dir='ltr'><strong>reda</strong></span> <span class='ocrx_word' id='word_1_229' title='bbox 312 3199 331 3240; x_wconf 90' lang='lat' dir='ltr'><strong>te</strong></span> <span class='ocrx_word' id='word_1_230' title='bbox 347 3194 486 3251; x_wconf 79' lang='lat' dir='ltr'><strong>impetrarim</strong></span> <span class='ocrx_word' id='word_1_231' title='bbox 502 3196 603 3250; x_wconf 82' lang='lat' dir='ltr'><strong>libenter.</strong></span> <span class='ocrx_word' id='word_1_232' title='bbox 614 3197 659 3258; x_wconf 78' lang='lat' dir='ltr'><strong>ret]</strong></span> <span class='ocrx_word' id='word_1_233' title='bbox 691 3197 764 3245; x_wconf 78' lang='lat' dir='ltr'><strong>Locus</strong></span> <span class='ocrx_word' id='word_1_234' title='bbox 774 3196 895 3245; x_wconf 77' lang='lat' dir='ltr'><strong>intricatur.</strong></span> <span class='ocrx_word' id='word_1_235' title='bbox 913 3213 964 3244; x_wconf 86' lang='lat' dir='ltr'><strong>mm</strong></span> <span class='ocrx_word' id='word_1_236' title='bbox 974 3197 1049 3246; x_wconf 78' lang='lat' dir='ltr'><strong>oratio</strong></span> 
     </span>
     <span class='ocr_line' id='line_1_32' title="bbox 176 3253 1045 3318; baseline 0.003 -19"><span class='ocrx_word' id='word_1_237' title='bbox 176 3253 410 3300; x_wconf 74' lang='lat' dir='ltr'><strong>nonbrnerohaeret,</strong></span> <span class='ocrx_word' id='word_1_238' title='bbox 443 3254 541 3302; x_wconf 81' lang='lat' dir='ltr'><strong>Primum</strong></span> <span class='ocrx_word' id='word_1_239' title='bbox 559 3256 692 3302; x_wconf 83' lang='lat' dir='ltr'><strong>delevirum</strong></span> <span class='ocrx_word' id='word_1_240' title='bbox 704 3257 839 3304; x_wconf 75' lang='lat' dir='ltr'><strong>Derieiout.</strong></span> <span class='ocrx_word' id='word_1_241' title='bbox 873 3257 910 3302; x_wconf 83' lang='lat' dir='ltr'><strong>uia</strong></span> <span class='ocrx_word' id='word_1_242' title='bbox 920 3257 941 3302; x_wconf 88' lang='lat' dir='ltr'><strong>ei</strong></span> <span class='ocrx_word' id='word_1_243' title='bbox 954 3257 975 3302; x_wconf 88' lang='lat' dir='ltr'><strong>in</strong></span> <span class='ocrx_word' id='word_1_244' title='bbox 985 3271 1045 3318; x_wconf 84' lang='lat' dir='ltr'><strong>seqq.</strong></span> 
     </span>
     <span class='ocr_line' id='line_1_33' title="bbox 175 3313 1048 3376; baseline 0.003 -17"><span class='ocrx_word' id='word_1_245' title='bbox 175 3313 209 3359; x_wconf 91' lang='lat' dir='ltr'><strong>nil</strong></span> <span class='ocrx_word' id='word_1_246' title='bbox 220 3315 346 3372; x_wconf 73' lang='lat' dir='ltr'><strong>respondet.</strong></span> <span class='ocrx_word' id='word_1_247' title='bbox 378 3313 437 3360; x_wconf 85' lang='lat' dir='ltr'><strong>Tum</strong></span> <span class='ocrx_word' id='word_1_248' title='bbox 457 3313 515 3360; x_wconf 81' lang='lat' dir='ltr'><strong>Mne.</strong></span> <span class='ocrx_word' id='word_1_249' title='bbox 537 3315 628 3376; x_wconf 82' lang='lat' dir='ltr'><strong>quidem</strong></span> <span class='ocrx_word' id='word_1_250' title='bbox 645 3321 669 3361; x_wconf 81' lang='lat' dir='ltr'><strong>et</strong></span> <span class='ocrx_word' id='word_1_251' title='bbox 685 3317 736 3362; x_wconf 78' lang='lat' dir='ltr'><strong>reid.</strong></span> <span class='ocrx_word' id='word_1_252' title='bbox 755 3321 810 3362; x_wconf 84' lang='lat' dir='ltr'><strong>vett.</strong></span> <span class='ocrx_word' id='word_1_253' title='bbox 830 3318 858 3362; x_wconf 81' lang='lat' dir='ltr'><strong>ha</strong></span> <span class='ocrx_word' id='word_1_254' title='bbox 889 3321 913 3362; x_wconf 85' lang='lat' dir='ltr'><strong>rit</strong></span> <span class='ocrx_word' id='word_1_255' title='bbox 929 3317 1048 3373; x_wconf 73' lang='lat' dir='ltr'><strong>impetrare</strong></span> 
     </span>
     <span class='ocr_line' id='line_1_34' title="bbox 176 3371 1048 3436; baseline 0.007 -20"><span class='ocrx_word' id='word_1_256' title='bbox 176 3371 271 3417; x_wconf 78' lang='lat' dir='ltr'><strong>libenter</strong></span> <span class='ocrx_word' id='word_1_257' title='bbox 281 3373 354 3423; x_wconf 80' lang='lat' dir='ltr'><strong>uelim.</strong></span> <span class='ocrx_word' id='word_1_258' title='bbox 366 3372 425 3432; x_wconf 87' lang='lat' dir='ltr'><strong>quod</strong></span> <span class='ocrx_word' id='word_1_259' title='bbox 435 3377 459 3418; x_wconf 89' lang='lat' dir='ltr'><strong>et</strong></span> <span class='ocrx_word' id='word_1_260' title='bbox 471 3381 558 3420; x_wconf 79' lang='lat' dir='ltr'><strong>recator</strong></span> <span class='ocrx_word' id='word_1_261' title='bbox 567 3380 601 3420; x_wconf 87' lang='lat' dir='ltr'><strong>eet</strong></span> <span class='ocrx_word' id='word_1_262' title='bbox 612 3373 727 3422; x_wconf 84' lang='lat' dir='ltr'><strong>Buheriue.</strong></span> <span class='ocrx_word' id='word_1_263' title='bbox 739 3376 778 3422; x_wconf 80' lang='lat' dir='ltr'><strong>red</strong></span> <span class='ocrx_word' id='word_1_264' title='bbox 796 3389 824 3420; x_wconf 91' lang='lat' dir='ltr'><strong>ne</strong></span> <span class='ocrx_word' id='word_1_265' title='bbox 834 3376 864 3421; x_wconf 78' lang='lat' dir='ltr'><strong>nia</strong></span> <span class='ocrx_word' id='word_1_266' title='bbox 874 3375 963 3436; x_wconf 81' lang='lat' dir='ltr'><strong>quidam</strong></span> <span class='ocrx_word' id='word_1_267' title='bbox 973 3375 1048 3422; x_wconf 80' lang='lat' dir='ltr'><strong>oratio</strong></span> 
     </span>
     <span class='ocr_line' id='line_1_35' title="bbox 177 3431 1046 3493; baseline 0.008 -20"><span class='ocrx_word' id='word_1_268' title='bbox 177 3431 288 3476; x_wconf 72' lang='lat' dir='ltr'><strong>retineret.</strong></span> <span class='ocrx_word' id='word_1_269' title='bbox 308 3431 362 3476; x_wconf 85' lang='lat' dir='ltr'><strong>mihi</strong></span> <span class='ocrx_word' id='word_1_270' title='bbox 373 3431 477 3477; x_wconf 79' lang='lat' dir='ltr'><strong>vitientur</strong></span> <span class='ocrx_word' id='word_1_271' title='bbox 487 3445 534 3478; x_wconf 79' lang='lat' dir='ltr'><strong>eree</strong></span> <span class='ocrx_word' id='word_1_272' title='bbox 544 3432 567 3478; x_wconf 91' lang='lat' dir='ltr'><strong>in</strong></span> <span class='ocrx_word' id='word_1_273' title='bbox 583 3435 710 3493; x_wconf 74' lang='lat' dir='ltr'><strong>parenthesi</strong></span> <span class='ocrx_word' id='word_1_274' title='bbox 727 3435 796 3480; x_wconf 79' lang='lat' dir='ltr'><strong>verbe</strong></span> <span class='ocrx_word' id='word_1_275' title='bbox 811 3435 841 3480; x_wconf 86' lang='lat' dir='ltr'><strong>nb</strong></span> <span class='ocrx_word' id='word_1_276' title='bbox 859 3434 999 3492; x_wconf 80' lang='lat' dir='ltr'><strong>impetrarim</strong></span> <span class='ocrx_word' id='word_1_277' title='bbox 1013 3460 1022 3468; x_wconf 98' lang='lat'><em>-</em></span> <span class='ocrx_word' id='word_1_278' title='bbox 1037 3461 1046 3472; x_wconf 91' lang='lat'><em>-</em></span> 
     </span>
     <span class='ocr_line' id='line_1_36' title="bbox 178 3488 1050 3544; baseline 0.01 -12"><span class='ocrx_word' id='word_1_279' title='bbox 178 3488 315 3544; x_wconf 73' lang='lat' dir='ltr'><strong>bmtierimae,</strong></span> <span class='ocrx_word' id='word_1_280' title='bbox 325 3495 349 3535; x_wconf 81' lang='lat' dir='ltr'><strong>ut</strong></span> <span class='ocrx_word' id='word_1_281' title='bbox 359 3492 495 3538; x_wconf 63' lang='lat' dir='ltr'><strong>cohaereant</strong></span> <span class='ocrx_word' id='word_1_282' title='bbox 506 3493 584 3537; x_wconf 78' lang='lat' dir='ltr'><strong>trueco</strong></span> <span class='ocrx_word' id='word_1_283' title='bbox 594 3497 612 3542; x_wconf 82' lang='lat' dir='ltr'><strong>te</strong></span> <span class='ocrx_word' id='word_1_284' title='bbox 622 3493 648 3542; x_wconf 78' lang='lat' dir='ltr'><strong>in</strong></span> <span class='ocrx_word' id='word_1_285' title='bbox 662 3493 728 3542; x_wconf 78' lang='lat' dir='ltr'><strong>veiim</strong></span> <span class='ocrx_word' id='word_1_286' title='bbox 737 3493 825 3542; x_wconf 74' lang='lat' dir='ltr'><strong>aurire.</strong></span> <span class='ocrx_word' id='word_1_287' title='bbox 845 3493 921 3542; x_wconf 80' lang='lat' dir='ltr'><strong>metiar</strong></span> <span class='ocrx_word' id='word_1_288' title='bbox 938 3495 1006 3542; x_wconf 78' lang='lat' dir='ltr'><strong>etiam</strong></span> <span class='ocrx_word' id='word_1_289' title='bbox 1021 3493 1050 3541; x_wconf 65' lang='lat' dir='ltr'><strong>id</strong></span> 
     </span>
     <span class='ocr_line' id='line_1_37' title="bbox 179 3545 574 3608; baseline 0.018 -15"><span class='ocrx_word' id='word_1_290' title='bbox 179 3545 257 3608; x_wconf 80' lang='lat' dir='ltr'><strong>teleri,</strong></span> <span class='ocrx_word' id='word_1_291' title='bbox 267 3553 308 3600; x_wconf 78' lang='lat' dir='ltr'><strong>eut</strong></span> <span class='ocrx_word' id='word_1_292' title='bbox 319 3549 416 3601; x_wconf 76' lang='lat' dir='ltr'><strong>alterum</strong></span> <span class='ocrx_word' id='word_1_293' title='bbox 426 3555 480 3600; x_wconf 82' lang='lat' dir='ltr'><strong>ente</strong></span> <span class='ocrx_word' id='word_1_294' title='bbox 494 3550 574 3606; x_wconf 74' lang='lat' dir='ltr'><strong>dicere.</strong></span> 
     </span>
    </p>
   </div>
   <div class='ocr_carea' id='block_1_9' title="bbox 0 0 1287 4208">
    <p class='ocr_par' dir='ltr' id='par_1_10' title="bbox 0 0 1287 4208">
     <span class='ocr_line' id='line_1_38' title="bbox 0 0 1287 4208; baseline 0 0"><span class='ocrx_word' id='word_1_295' title='bbox 0 0 1287 4208; x_wconf 95' lang='lat' dir='ltr'><strong> </strong></span> 
     </span>
    </p>
   </div>
  </div>
 </body>
</html>
