2538 4188
455 269 553 320 hlauta
568 269 746 320 SECUNDUS.
975 279 1037 340 397

169 419 266 488 babet,
292 419 456 476 exterendo
484 418 551 475 oibo
578 423 609 475 et
637 415 785 492 praeterea
812 419 913 494 spiritu
941 421 1041 482 omnia

170 528 253 576 ooota
268 524 356 593 atque
369 517 507 574 oonleota
526 517 557 575 in
578 517 719 591 reliquum
738 537 840 592 eorpus
861 521 1038 579 dividantur.

170 619 206 677 ln
221 617 404 694 pulmonibus
418 621 516 674 autem
537 616 614 674 inest
639 618 739 676 raritas
753 621 904 694 quaedam,
921 626 953 678 et
971 621 1039 678 assi·
1050 607 1091 666 55

52 750 56 760 ·
160 717 248 776 milia
284 713 599 788 spongiismollitudo,
627 717 664 775 ad
691 718 881 776 hauriendum
909 718 1041 792 spiritum

171 815 338 888 aptissima,
357 813 406 888 qui
429 819 490 871 tum
514 833 546 872 se
569 818 744 876 contrahunt
763 818 955 890 adspirantes,
980 823 1041 874 tum

172 912 304 984 respiritu
319 913 452 979 dilatant,
474 921 505 972 ut
520 905 684 990 trequenter
698 917 820 973 dueatur
842 914 956 971 “nibus
980 915 1042 972 ani·

172 1012 266 1076 malis,
279 1029 335 1086 quo
348 1013 475 1070 maxime
485 1016 601 1072 aluntur
613 1015 788 1072 animantes.
831 1011 879 1069 Ex
894 1011 1041 1071 intestinis

173 1117 279 1174 autem,
293 1115 323 1166 et
343 1114 411 1168 alvo
424 1121 552 1171 secretus
566 1131 584 1171 s
608 1113 719 1188 reliquo
733 1112 801 1168 oiho
819 1128 922 1168 auceus
936 1112 971 1178 is,
985 1127 1042 1186 quo

172 1209 287 1275 alimur,
301 1217 449 1282 permanat
472 1215 509 1270 ad
523 1213 619 1286 jecur,
644 1229 696 1286 per
716 1213 854 1286 quasdam
875 1208 922 1279 ³¹‚a
943 1210 1041 1268 medio

105 1296 110 1302 ¹
170 1307 313 1366 intestino
327 1327 416 1383 usque
430 1311 466 1366 ad
479 1310 703 1384 portasjeooris‚
716 1307 774 1388 (sio
788 1311 867 1368 euim
877 1306 1041 1386 appeliant)

170 1408 274 1465 ductae
307 1413 338 1464 et
370 1408 495 1465 directas
520 1411 593 1477 vias,
620 1427 694 1486 quae
719 1409 867 1482 pertinent
894 1411 930 1466 ad
945 1410 1040 1482 jecur,

172 1505 257 1580 eique
284 1507 452 1562 adhaerent.
506 1509 603 1582 Atque
629 1507 732 1565 ⁵¹inde
758 1507 833 1565 aliae
862 1507 1041 1580 pertinentes

172 1611 249 1671 sunt,
263 1619 314 1677 per
327 1621 397 1678 quas
420 1601 532 1661 ⁵³eadit
552 1605 635 1662 cibus
649 1623 666 1662 a
680 1605 782 1679 jecore
803 1607 949 1676 delapsus.
991 1606 1042 1662 Ab

172 1721 210 1762 eo
229 1703 297 1761 cibo
320 1720 387 1761 oum
407 1709 451 1760 est
478 1711 591 1760 aeoreta
612 1703 689 1770 bilis,
711 1703 804 1776 iisque
832 1704 974 1770 humores,
993 1699 1042 1777 qui

145 1849 148 1854 .
172 1822 211 1862 ex
236 1803 354 1878 renibus
377 1802 600 1876 profunduntur:
622 1803 731 1878 reliqua
759 1821 790 1859 se
819 1802 849 1859 iu
870 1802 1042 1876 sanguinem

171 1907 300 1970 vertunt,
319 1903 356 1961 ad
381 1904 555 1976 easdemque
578 1909 673 1975 portas
687 1901 799 1976 jecoris
822 1903 979 1969 confluunt,
1003 1903 1041 1960 ad

170 2022 241 2082 quas
267 2019 369 2062 omnes
396 2004 458 2076 ejm
481 2000 548 2058 viae
572 2002 737 2075 pertinent:
772 2019 823 2072 per
847 2019 916 2077 quas
944 2003 1040 2076 lapsus

169 2105 260 2171 cibus.
281 2105 312 2162 iu
333 2107 390 2163 bne
409 2103 473 2177 ipso
494 2106 561 2160 loeo
582 2101 613 2159 iu
637 2118 702 2159 eam
724 2118 839 2167 venam,
862 2119 936 2177 quae
963 2119 1040 2161 aava

171 2208 342 2278 appellatur,
355 2203 551 2270 contunditur,
572 2218 679 2275 perque
693 2217 758 2257 earn
773 2202 808 2257 ad
823 2217 874 2258 eor
892 2199 913 2232 ¹⁴
926 2203 1041 2260 conlae-

172 2307 219 2359 tus
227 2302 290 2375 jam
302 2309 458 2375 coetusque
471 2299 646 2373 perlabitur:
667 2317 684 2355 a
698 2301 786 2356 eorde
798 2305 895 2358 autem
905 2299 936 2357 in
948 2307 1041 2357 totum

174 2417 278 2470 eorpus
301 2399 479 2456 distribuitur
503 2415 554 2469 per
581 2415 672 2511 vepas
694 2401 848 2455 admodum
874 2402 986 2463 multas,
1009 2399 1040 2457 in

174 2515 275 2558 omnes
297 2502 391 2572 partes
411 2495 537 2570 eorporis
560 2503 747 2570 pertinentes.
792 2497 1041 2568 Quemadmodum

175 2653 224 2701 inte
279 2667 332 2700 aare
342 2656 392 2713 post
401 2651 447 2697 eido
453 2666 463 2708 ;
477 2653 502 2698 ul
512 2654 554 2696 eal.
571 2665 589 2696 c.
607 2651 731 2712 pertineret
745 2651 774 2697 ad
790 2650 895 2698 calorem.
907 2664 958 2696 nam
969 2653 1011 2694 adl.
1021 2663 1040 2696 c.

174 2719 209 2761 ast
251 2721 331 2770 tarum,
341 2726 385 2774 quo
394 2711 456 2757 ribus
466 2711 584 2756 conicitur.
597 2725 638 2756 neo
647 2711 723 2757 calore
739 2709 862 2758 conteritur
872 2707 940 2768 cibus,
951 2707 1042 2756 tertium

203 2773 231 2818 'n'
267 2806 274 2821 .

174 2779 303 2900 mwmaibm
312 2849 428 2910 animulis]
447 2848 562 2906 eleganter
570 2847 601 2894 rie
611 2850 652 2895 adr
662 2847 751 2895 dicitur.

204 2935 225 2969 ⁶¹
240 2934 464 2996 snudioa'ateata'nod
496 2935 536 2982 Gr.
549 2946 691 2996 prrdrrgtp.

205 3014 228 3048 θ’
241 3013 361 3060 iadealine
369 3013 501 3070 pertimentes
512 3017 574 3076 aurat]
593 3014 727 3072 pertinentes
745 3013 781 3060 bia
790 3027 833 3060 non
848 3026 967 3082 eoumque.
988 3015 1043 3072 puto

174 3073 197 3121 iu
207 3088 236 3120 eo
245 3071 315 3120 verbo
324 3075 402 3126 latera.
413 3074 471 3134 quod
480 3082 609 3137 surruptum
618 3073 660 3120 sit:
677 3073 720 3120 nisi
733 3075 800 3134 plana
810 3077 844 3119 ert
854 3071 978 3118 mrititrum.
991 3085 1051 3120 nata·

173 3139 249 3196 potest
258 3132 374 3180 commode
383 3131 467 3180 abesae.

204 3215 227 3248 θ’
242 3213 397 3260 mditridura
411 3212 486 3271 jecore
502 3211 623 3273 delapsam]
657 3210 725 3258 Edidi
743 3224 793 3258 eum
811 3207 909 3258 travano
927 3206 1043 3275 delapsus:

172 3288 224 3322 nam
240 3274 299 3330 vulg.
311 3273 409 3329 dillapsus
418 3285 507 3332 prorsus
518 3283 553 3318 eat
562 3271 592 3318 ab
603 3272 625 3316 lt.
643 3271 658 3316 l.
678 3271 785 3316 alienum.
817 3267 888 3315 citur
897 3270 931 3314 eal
942 3279 967 3320 tt,
979 3279 1044 3326 quam

174 3333 215 3382 (ir.
227 3333 317 3392 adytum
330 3331 458 3392 appellantz
474 3339 527 3378 ante
535 3330 652 3379 dicebatur
663 3342 748 3376 murata

203 3413 225 3447 ⁵⁴
242 3413 352 3471 redactur
361 3410 412 3468 jum
421 3410 542 3469 matmqael
564 3413 677 3466 matuaprae
694 3419 735 3467 pro
745 3405 837 3463 vulgato
847 3407 973 3472 mactusque
984 3400 1044 3452 edidi

174 3485 223 3520 urm
245 3472 295 3518 ΛΜ.
313 3471 364 3517 min.
378 3470 463 3530 caepta
479 3475 503 3516 et
513 3467 625 3517 Davisius.
637 3468 668 3514 sie
685 3472 739 3512 etc.
750 3467 787 3513 tl.
802 3463 826 3512 ia
844 3463 887 3510 due
899 3467 977 3520 runata
994 3467 1047 3516 aaut
