2552 4208
231 345 292 404 106
493 333 627 384 Tuscus.
649 333 893 387 Qusbs'ttouust

226 485 263 543 ’a
277 486 376 542 doloro
391 482 531 541 deductus
545 487 599 541 est.
609 500 676 543 nans
688 499 755 540 cum
767 501 805 540 ex
814 482 931 540 renibus
944 482 1101 552 laboraret,

226 586 291 660 ipso
304 584 335 643 iu
350 583 458 657 ejulatu
480 582 659 650 clamitabat,
674 583 746 640 laisa
759 598 824 639 esse
848 580 909 649 ills,
924 597 998 656 quse
1013 587 1102 640 antes

225 685 264 742 de
277 683 376 740 dolore
397 682 459 756 ipse
483 683 632 740 sensisset.
657 699 742 756 quern
761 699 828 739 curn
850 681 1101 739 Cleantheseon·

225 782 384 856 discipulus
400 789 523 857 rogaret,
546 799 690 857 quaenam
710 781 786 839 ratio
805 797 872 838 eum
892 782 930 838 de
952 779 1101 838 sententia

225 881 405 948 deduxisset,
434 882 593 954 respondit,
619 879 732 954 ³Quis,
759 897 826 938 cum
854 885 967 936 tentum
994 897 1099 952 operes

225 981 428 1058 philosophiae
439 981 594 1046 dedissem,
608 981 737 1038 dolorem
752 985 850 1037 tamen
869 979 943 1036 terre
961 995 1021 1036 non
1037 997 1099 1052 pos·

223 1099 305 1140 seme
339 1081 411 1139 satis
438 1085 516 1138 esset
541 1077 713 1154 argumenti,
739 1081 846 1137 malum
872 1095 937 1135 esse
958 1079 1098 1134 dolorem.

223 1181 362 1255 plurimos
376 1185 473 1237 autem
498 1197 591 1237 unnos
618 1179 648 1236 in
664 1177 848 1251 philosophia
872 1177 1027 1242 consnmsi,
1043 1193 1098 1234 nec

223 1279 297 1338 terre
312 1295 445 1352 possum:
473 1281 580 1335 malurn
600 1282 646 1334 est
660 1277 748 1350 igitur
760 1277 850 1334 dolor.
890 1275 970 1334 '1¹um
993 1277 1098 1333 Olenn-

224 1377 315 1443 tbem,
336 1393 402 1433 cum
418 1378 491 1448 pede
506 1382 612 1466 terram
627 1376 824 1450 percussisset,
839 1392 954 1434 versum
974 1392 1012 1433 ex
1029 1373 1097 1449 upi-

224 1477 308 1552 gonis
322 1476 417 1533 lerunt
430 1475 542 1533 dixisse

354 1632 456 1680 Audisse
475 1594 538 1688 haee,
555 1630 706 1693 Amphisrsli,
722 1629 762 1678 sub
781 1634 866 1678 terram
886 1628 981 1680 abdite?

225 1773 377 1830 Zenonem
392 1772 596 1846 significabat:
618 1790 635 1828 n
650 1789 706 1847 quo
720 1771 802 1830 iilum
828 1772 1003 1845 degenerare
1017 1769 1096 1827 dole·

221 1873 280 1930 bat.
324 1873 365 1928 At
381 1889 439 1928 non
455 1877 553 1928 noster
572 1869 758 1928 Posidonius:
781 1887 866 1946 quem
880 1875 910 1927 et
930 1869 992 1944 ipse
1007 1885 1096 1942 saepe

222 1970 295 2036 vidi,
306 1975 339 2026 ¹et
351 1970 380 2026 id
395 1969 501 2037 dicam,
516 1970 590 2055 quod
602 1972 713 2027 solebat
728 1987 842 2027 nurture
858 1969 1032 2042 Pompeius:
1052 1983 1094 2036 se,

222 2085 290 2128 cum
306 2068 441 2126 Rhodum
457 2067 585 2124 venisset
598 2069 745 2126 decedens
759 2089 797 2126 ex
819 2069 914 2144 Syria,
930 2067 1030 2126 audire
1044 2082 1095 2122 vo·

222 2167 311 2230 luisse
327 2166 534 2224 Posidonium:
555 2169 607 2224 sert
621 2185 687 2225 cum
703 2168 872 2233 audivisset,
885 2184 951 2224 eum
966 2166 1095 2241 graviter

222 2283 286 2322 esse
307 2282 433 2338 aegrum,
448 2267 522 2340 quod
538 2268 728 2323 vehementer
748 2269 809 2340 ejus
829 2271 905 2325 artus
921 2267 1094 2332 laborarent,

222 2364 350 2421 voluisse
383 2369 479 2422 tamen
508 2366 720 2423 nobilissimum
751 2366 954 2439 philosophum
978 2365 1090 2422 visere:

219 2461 327 2536 ‘quem
341 2468 370 2520 ut
385 2463 515 2546 vidisset,
529 2471 560 2520 et
574 2465 770 2531 salutavisset,
785 2465 1008 2538 honorificisque.
1029 2481 1093 2521 ver·

220 2559 265 2618 bis
294 2569 460 2635 prosecutus
487 2571 574 2630 esset,
600 2566 778 2636 molesteque
801 2579 834 2620 se
861 2563 984 2620 dixisset
1008 2564 1091 2632 terre,

220 2663 295 2737 quod
310 2680 377 2719 eum
391 2681 447 2720 nou
463 2669 559 2736 posset
572 2663 686 2731 audire3
708 2668 737 2718 et
753 2663 813 2729 ille,
836 2662 886 2718 Tu
901 2662 1092 2737 vero,ioquit,

219 2766 320 2836 potes:
343 2778 401 2818 nec
423 2762 613 2829 committam,
628 2767 658 2819 ut
679 2762 762 2819 dolos·
784 2762 913 2834 corporis
927 2762 1045 2831 efficiat,
1060 2766 1092 2819 ut

248 2913 261 2946 ¹
279 2914 376 2960 adolere
386 2914 493 2960 deductus
502 2915 551 2984 est]
584 2917 697 2974 Bentlejus
707 2916 804 2962 correxit
814 2917 915 2963 dedoctus
926 2921 963 2975 ert,
978 2915 1092 2976 ingeniose

219 2986 277 3020 saue.
287 2988 339 3019 nam
351 2975 392 3019 boc
402 2973 459 3018 bene
469 2981 590 3034 opponitur
601 2977 668 3021 alteri
678 2991 691 3020 a
702 2975 791 3021 Zenone
801 2976 920 3021 didicisset.

180 3097 181 3102 ,
248 3052 260 3084 ³
274 3051 336 3102 Quia
346 3066 397 3098 eum
413 3077 421 3088 ·
442 3079 447 3086 -
468 3053 583 3108 dedissem,
592 3053 614 3098 d.
627 3053 678 3108 tf.
694 3067 740 3100 non
754 3069 842 3110 nasson,
851 3055 904 3102 sutis
914 3061 965 3102 esset
974 3069 1022 3113 erg.
1035 3053 1091 3115 ete]

219 3109 291 3156 Luem
303 3110 390 3156 hicnon
406 3110 462 3156 bene
472 3113 584 3156 cohaeret.
617 3113 716 3169 Coojesi,
728 3113 845 3171 legendum
862 3129 922 3160 esse:
946 3113 973 3159 si
989 3115 1062 3173 quis·
1081 3135 1090 3146 -

218 3169 318 3219 dedisset,
338 3170 359 3214 d.
373 3169 441 3228 serre
456 3183 501 3214 seon
518 3172 602 3224 wsset:
627 3169 693 3229 idque
711 3179 766 3231 puto
784 3173 861 3218 melius
879 3188 927 3219 esse
945 3173 1090 3229 Bentlejnuos

218 3225 359 3287 Quicumque
382 3255 384 3259 ·
443 3228 648 3284 detitescentem
660 3234 732 3276 tumen
742 3231 768 3285 s.
785 3245 831 3278 nos
842 3237 916 3288 posset.
939 3231 989 3278 Hoc
1000 3232 1089 3292 quidem

218 3293 301 3332 eertum
312 3295 354 3343 est,
366 3287 388 3332 in
400 3287 433 3333 bis
449 3288 477 3332 de
491 3287 598 3344 Dionysio
614 3303 657 3335 non
667 3304 714 3336 eme
730 3305 861 3337 sermonem.
893 3291 969 3338 Debet
984 3291 1043 3337 enim
1053 3290 1090 3337 bic

218 3358 254 3390 res
264 3347 367 3391 universe
377 3346 495 3392 enunciata
505 3359 559 3392 esse.

248 3421 259 3454 ⁴
273 3439 336 3482 quem
346 3425 486 3470 utoidisset·
499 3458 502 3462 -
514 3429 537 3470 nt
553 3425 593 3472 s'tls
610 3427 649 3475 Tu
659 3443 679 3474 s.
689 3429 783 3489 inquit]
814 3427 879 3475 Haec
898 3443 942 3476 nou
957 3428 1088 3482 cohaerent,

218 3487 447 3530 nscsnntsmevmo.
482 3485 577 3530 Prsmum
601 3488 683 3546 egerim
701 3504 765 3548 quem
784 3501 836 3533 cum
844 3487 993 3534 uidissetnsm
1003 3491 1088 3548 utpot-

217 3539 277 3588 tulst
286 3540 383 3589 stane:
399 3541 480 3590 deinde
491 3557 533 3607 pro
541 3548 564 3592 st
572 3545 620 3606 s'tle,
631 3552 678 3596 turs
686 3549 755 3596 illum
764 3547 842 3596 deleto
849 3553 900 3609 post
914 3547 997 3610 inquit.
