3354 4234
654 299 698 360 42
876 289 1010 343 ruscea
1026 286 1271 345 animatorum

654 438 890 518 quodmiaimnm
899 447 956 511 ert,
966 440 1086 501 immam
1095 456 1187 498 ruam
1201 439 1322 498 tartaree
1333 456 1341 494 ε
1353 451 1531 515 quemqnam

653 540 688 599 id
695 557 826 620 qnoque:
846 541 1119 618 aedrelinquamua:
1141 539 1203 599 rim
1222 545 1313 608 certe,
1326 539 1530 614 sagacitatem,

652 640 834 709 memoriam,
847 646 966 710 metm,
979 641 1163 700 celeritatem
1178 638 1269 696 videt.
1312 638 1395 696 llaec
1411 654 1528 713 magna,

655 740 731 799 baec
744 740 859 810 divina,
871 741 946 799 baec
966 739 1144 815 sempiterna
1156 744 1233 798 runt.
1247 755 1304 814 qua
1318 737 1395 794 lucie
1410 738 1530 813 quidem

654 838 704 908 ait,
723 845 775 897 aut
795 839 845 898 ubi
863 840 986 908 habitet,
1007 839 1259 915 requerendum
1279 838 1397 913 quidem
1418 843 1472 895 eat.
1486 839 1530 908 ut,

653 938 870 997 cumvidemna
893 938 1024 1014 rpeciem
1048 938 1182 1013 primum,
1206 939 1421 1014 candoremque
1434 935 1532 996 caeli:

653 1038 762 1096 deinde
776 1037 979 1097 conversionis
993 1037 1175 1113 celeritatem
1188 1042 1312 1107 tanmm,
1329 1042 1468 1113 quantam
1480 1051 1531 1095 co·

653 1137 747 1213 gitare
760 1155 821 1196 non
841 1155 1009 1212 parumne,
1031 1142 1092 1196 tum
1107 1136 1326 1196 vicissitudine·
1345 1135 1466 1204 dierum,
1485 1138 1531 1194 at·

570 1243 572 1247 ’
655 1253 711 1311 que
731 1238 870 1305 noctium,
899 1237 1200 1311 commutationesque
1228 1242 1390 1310 temponun
1417 1232 1530 1311 quadri·

655 1333 788 1409 partitae,
807 1333 828 1366 ¹⁴
840 1336 878 1392 ad
899 1334 1095 1392 maturitatem
1110 1334 1231 1409 tragum,
1243 1337 1275 1392 et
1287 1334 1326 1393 ad
1345 1333 1530 1408 temperatio·

657 1449 728 1491 nem
741 1448 892 1506 corporum
906 1438 998 1506 aptae,
1008 1448 1164 1508 eorumque
1174 1431 1304 1490 omnium
1317 1433 1531 1495 moderatorem

658 1537 691 1590 et
712 1533 818 1590 ducem
843 1534 945 1600 aolem,
972 1529 1127 1607 lunamque
1147 1532 1377 1600 coerctionem
1405 1532 1530 1592 diminu-

656 1631 739 1691 tioue
752 1631 879 1702 luminis,
899 1630 1014 1707 ¹‘quari
1027 1632 1165 1690 laetorum
1179 1633 1257 1689 notis
1271 1631 1437 1705 signantem
1447 1631 1532 1704 diere

657 1735 720 1791 tum
741 1731 772 1789 in
793 1733 898 1788 eodem
917 1732 988 1788 orbe
999 1729 1032 1786 in
1045 1746 1091 1785 ιιι
1109 1734 1206 1800 parter
1227 1728 1389 1797 distributo,
1401 1729 1529 1806 quinque

658 1831 759 1886 atellae
773 1827 849 1895 terri,
863 1828 982 1884 eoadem
997 1842 1096 1882 curaue
1117 1825 1353 1885 coartantiaaime
1366 1836 1533 1900 terrentes,

659 1926 823 2000 disparibus
836 1924 914 1983 iuter
936 1942 969 2006 ae
989 1923 1125 1992 motibua,
1147 1929 1373 2004 nocturnamque
1386 1930 1463 1988 caeli
1475 1930 1531 1990 lor.

660 2023 877 2098 memundique
891 2021 1033 2080 sideribus
1046 2027 1195 2094 ornatam
1215 2029 1276 2083 tum
1295 2028 1413 2101 globum
1434 2033 1529 2089 terrae

661 2121 842 2180 eminentem
864 2138 882 2178 e
902 2120 984 2188 mari,
1004 2116 1093 2179 fixum
1114 2121 1146 2180 in
1164 2122 1260 2180 medio
1273 2125 1374 2186 mundi
1398 2126 1530 2188 unirent

660 2223 738 2290 loco,
759 2221 868 2279 duabus
881 2221 940 2278 oris
960 2220 1132 2280 distantibus
1146 2222 1343 2292 habitabilem,
1356 2230 1388 2282 et
1400 2227 1527 2285 cultum:

661 2335 782 2394 quarum
799 2320 900 2389 altera,
912 2337 997 2394 quam
1018 2336 1074 2379 noe
1097 2320 1261 2392 incolimus,
1280 2325 1335 2381 aab
1357 2341 1415 2384 axe
1433 2323 1529 2402 ponite

662 2417 701 2476 ad
710 2419 810 2478 atellae
826 2423 947 2494 neptem,
956 2421 1033 2478 unde

774 2571 878 2622 norma
893 2573 1010 2636 Aquilonia
1028 2573 1112 2623 rtridor
1126 2574 1213 2636 ‘elidar
1230 2574 1323 2624 molitur
1337 2578 1407 2627 niro.

660 2714 753 2773 altera
767 2713 920 2784 Australis,
941 2716 1042 2791 ignota
1066 2715 1160 2786 nobie,
1172 2734 1258 2793 quam
1286 2720 1398 2774 vocant
1418 2716 1528 2780 Graeci

424 2812 427 2839 ³
545 2835 548 2845 ·
660 2815 808 2889 maxim.
850 2814 973 2874 ceterae
994 2821 1090 2890 partes
1105 2816 1240 2888 incultae,
1260 2817 1336 2893 quod
1350 2821 1401 2875 aut
1421 2817 1526 2894 frigore

659 2893 845 2987 rigeant,⁰aut
857 2920 974 2973 mantnt
986 2918 1100 2973 calore:
1115 2915 1278 2985 bicautem,
1291 2915 1342 2975 ubi
1353 2914 1528 2990 habitantur,

660 3027 722 3069 uon
734 3009 899 3068 intermittit
911 3028 965 3069 auo
982 3017 1112 3086 tempore

690 3161 713 3197 ¹⁴
726 3161 947 3235 ndmturt'tolens
1005 3164 1049 3236 m.1
1078 3165 1183 3214 Daviriur
1192 3165 1273 3215 inMr.
1283 3166 1376 3217 Norvie.
1387 3169 1472 3232 reperit
1480 3186 1525 3220 rar·

661 3224 802 3280 turonem
812 3223 872 3284 quod
881 3223 963 3285 probat
990 3237 1087 3284 carenum
1098 3238 1199 3283 egnum.

673 3301 712 3372 ,¹⁵
725 3301 788 3360 qaaei
793 3302 909 3358 sartorum
917 3302 975 3350 mab
983 3302 1105 3361 rigrannum
1114 3304 1170 3365 dier]
1185 3305 1243 3353 hanc
1252 3306 1369 3355 lectionem
1378 3310 1462 3356 conieci
1472 3324 1523 3372 par·

661 3363 703 3405 tim
718 3373 745 3406 er
754 3361 806 3406 edd.
818 3365 873 3407 vett,
890 3376 947 3423 quae
956 3362 1040 3410 babent
1049 3364 1105 3410 nota
1114 3363 1278 3423 aknifieeatem
1287 3373 1310 3413 et
1327 3370 1373 3415 Mn.
1391 3369 1475 3416 Eiiena.
1487 3382 1525 3431 ap.

662 3418 914 3539 mmmm
928 3420 998 3472 l’urir.
1014 3436 1051 3484 ap.
1063 3424 1219 3475 Alenamun.
1250 3425 1325 3500 Vulgo
1334 3434 1368 3478 ert
1384 3433 1526 3480 muntenni
