2558 4198
488 327 743 382 mnmrnrnus.
999 331 1063 400 Μ

188 493 262 542 tum.
302 481 371 540 Noa
382 481 477 539 ‘molto
490 498 575 540 semis
597 475 956 555 omnipotentiam
972 497 1064 542 arun·

186 585 288 642 onium
299 585 487 656 subsequens,
498 579 528 638 ei
542 581 603 638 nirn
616 581 762 656 quandam
772 581 884 646 disens,
895 598 951 655 qua
964 565 1066 640 omnia

189 689 336 758 regantur,
348 699 470 756 eamque
482 681 650 748 animalem,
661 681 791 738 evellere
804 697 843 738 su
858 680 964 738 animis
978 697 1066 740 aona

190 787 237 840 tur
264 781 466 856 cognitionem
496 783 626 838 deorum.
669 781 846 839 Aristoteles
870 798 983 856 quoquo
1002 780 1066 841 ⁸⁹in

186 884 326 941 terliode
351 883 536 956 philosophia
551 883 625 939 libro
652 885 741 940 multa
764 884 904 949 turbata
927 883 1066 956 magistro

191 981 317 1041 Platone
338 999 396 1040 unu
417 977 604 1040 dissentiens.
627 983 713 1039 modo
737 981 817 1072 enim
846 983 938 1038 menti
966 981 1068 1038 tribuit

190 1091 308 1140 omnem
321 1082 528 1138 divinitatem:
549 1084 635 1138 modo
657 1083 795 1138 mundum
816 1082 910 1153 ipsum
924 1081 1011 1138 dnum
1024 1079 1066 1138 di·

188 1180 234 1238 uit
264 1199 346 1237 esse:
383 1183 468 1237 morlo
499 1183 644 1254 quendam
673 1179 764 1236 alium
797 1181 928 1252 praeficit
949 1180 1068 1250 mundo,

183 1281 276 1354 'eique
290 1297 341 1336 aas
355 1289 450 1352 partes
470 1280 579 1348 tribuit,
594 1287 624 1336 ut
641 1279 832 1352 replicatione
847 1281 969 1352 quadam
984 1297 1065 1338 mur)

98 1407 103 1410 ·
189 1378 344 1436 dimotum
365 1387 457 1452 'regat
480 1384 565 1453 atque
588 1385 720 1435 tueatur:
743 1386 803 1435 tum
831 1380 908 1436 oaeli
932 1382 1065 1437 ardorem

189 1479 277 1536 deum
293 1479 365 1535 dioit
380 1497 454 1544 esse,
468 1497 527 1535 non
549 1479 727 1552 intelligens,
744 1483 859 1535 eaelum
874 1479 973 1536 mundi
1000 1494 1065 1536 esse

190 1585 312 1654 partem,
327 1595 412 1652 qrrem
437 1577 496 1635 alio
511 1581 577 1632 loon
591 1579 653 1650 ipse
667 1578 825 1650 designarit
850 1581 944 1634 deum.
987 1579 1065 1648 Quo·

184 1679 279 1736 modo
298 1683 396 1734 autem
419 1678 496 1734 oaeli
521 1677 640 1733 divinus
666 1677 716 1733 ille
741 1693 843 1732 sensus
868 1677 898 1732 in
912 1677 1064 1734 celeritate

188 1779 275 1834 tanta
293 1779 466 1834 ‘conservari
489 1783 584 1849 potest
601 1775 612 1834 ?
630 1775 709 1832 6⁰nbi
723 1777 831 1832 deinde
846 1776 890 1832 illi
911 1782 953 1832 tot
973 1773 1065 1841 ditis

189 1891 375 1936 numeramus
390 1878 479 1934 etiam
493 1880 607 1934 anetum
629 1873 739 1933 deum?
780 1877 856 1934 Cum
880 1883 977 1932 autom
1000 1876 1064 1934 sine

190 1991 312 2051 corpore
327 1977 405 2034 idem
431 1980 494 2035 vult
508 1995 573 2034 esso
588 1979 683 2043 deum,
698 1976 778 2032 omni
800 1975 882 2032 illum
907 1993 994 2032 sensu
1010 1975 1064 2047 pri·

187 2082 252 2144 vat,
266 2077 356 2134 etiam
377 2077 538 2150 prudentia.
579 2075 677 2149 ⁶¹Quo
706 2091 790 2148 porro
818 2077 903 2132 modo
925 2075 1093 2158 mundum⁸

190 2191 310 2234 movere
325 2195 431 2235 carens
442 2195 581 2251 oorporo3
602 2181 652 2232 aut
666 2176 810 2249 quomodo
826 2191 940 2248 semper
952 2193 985 2231 se
1006 2191 1065 2232 mo·

112 2255 119 2264 ’
190 2289 275 2341 vens,
290 2293 355 2333 esse
368 2277 482 2350 quietus
507 2282 537 2333 at
551 2277 653 2332 beatus
675 2271 795 2345 protest?
836 2275 902 2331 Neo
917 2292 988 2331 vero
1002 2275 1064 2347 ejus
1135 2259 1141 2268 ¹

190 2375 408 2445 condiscipulus
423 2354 608 2431 fienocrates
622 2374 652 2430 in
668 2375 725 2429 lroo
745 2391 854 2446 genere
879 2375 1064 2447 prudentior:

190 2469 224 2526 in
238 2472 321 2543 cujus
341 2473 431 2536 libris,
451 2472 499 2543 qul
515 2479 582 2526 sunt
596 2472 633 2527 de
647 2478 749 2528 natura
764 2474 892 2541 deorum,
908 2477 986 2530 nulla
1001 2491 1064 2546 spa·

182 2567 372 2626 ‘oiesdivina
398 2567 577 2626 describitur.
604 2571 675 2626 deos
700 2571 780 2627 onim
807 2577 875 2627 osto
896 2589 960 2628 esse
974 2572 1063 2630 dicit:

222 2745 245 2780 ὅ*
258 2745 358 2792 intortio
373 2743 541 2801 dapttnroplrta
556 2744 623 2806 libro}
639 2744 708 2792 libros
728 2745 856 2794 Aristotelis
875 2745 904 2792 de
936 2745 1064 2806 lrilosophia

186 2811 352 2853 'commemorat
363 2805 432 2850 etiarn
447 2804 555 2862 Diogenes
566 2803 646 2850 Lnitrt.
669 2812 694 2850 et
710 2809 755 2849 tres
766 2820 813 2850 esse
824 2805 886 2850 dicit.
919 2761 1063 2850 ssetitrrstlh·

184 2879 249 2913 perv.
261 2866 327 2911 Miro.
341 2864 381 2910 lV.
411 2899 414 2907 .
426 2867 460 2910 ld.
471 2870 543 2924 putat,
553 2863 649 2920 intelligi
661 2864 766 2923 Metaplr.
780 2871 804 2910 ti.
816 2863 870 2910 llll.
882 2863 948 2910 Xlll.
960 2870 984 2908 et
996 2864 1061 2910 XIV.

193 2939 238 2986 qna
248 2924 334 2970 ratione
343 2923 379 2968 nie
393 2879 460 2968 inv.
474 2922 568 2978 intelligi
582 2921 679 2968 debeat:
697 2927 722 2967 nt
732 2937 760 2967 sc.
773 2922 841 2968 etiarn
852 2921 966 2968 Ciceronis
980 2923 1065 2969 Acade·

192 2981 244 3029 misi
255 2983 277 3028 in
287 2983 345 3028 Mss.
357 2981 488 3041 quibusdam
496 2981 644 3027 inscribuntur
652 2981 825 3037 deptiloroplu'a
841 2981 901 3026 idem
917 2981 1003 3026 l'etitns
1013 2995 1065 3028 mox

209 3056 234 3087 ro
243 3055 289 3088 uno
299 3039 354 3097 legit
363 3053 423 3087 uno:
443 3040 502 3101 qnod
513 3055 558 3088 uon
567 3042 672 3112 displicet
682 3058 688 3098 ;
705 3055 755 3086 narn
762 3054 808 3088 uno
818 3054 862 3087 uon
872 3041 1011 3087 commodum
1022 3046 1064 3088 est.

192 3056 236 3148 §ed
250 3099 353 3146 Davisius
365 3099 435 3145 edidit
445 3113 491 3146 non
503 3120 509 3146 .·
525 3101 614 3162 quodsi
625 3106 752 3154 renuunt,
769 3100 798 3145 ad
816 3100 985 3146 inconstantium
995 3099 1065 3168 perti-

191 3165 240 3216 net,
250 3173 315 3221 quam
326 3158 476 3206 antePtatoni
486 3159 637 3222 exprobrarit.
655 3174 701 3208 uno
717 3159 807 3222 quidem
817 3159 864 3206 sine
879 3159 949 3206 dnbio
959 3159 1064 3208 nitrosum

193 3225 237 3268 est.

221 3299 471 3348 monmorentius
488 3299 542 3359 Dii]
560 3306 585 3348 st
598 3299 730 3348 Aristotelea
748 3313 792 3346 non
812 3297 891 3346 statuit
901 3299 983 3346 multos
995 3296 1062 3346 neos.

190 3375 220 3410 au
231 3362 260 3407 nd
270 3360 394 3420 superiores
403 3362 524 3407 sententias
536 3359 653 3421 pertinet?

221 3442 240 3474 ⁶¹
257 3441 287 3494 Q.
297 3455 318 3496 p.
330 3440 428 3488 mundun
438 3439 522 3486 mooe-ri
532 3437 722 3499 carcassonam]
759 3439 792 3486 dn
805 3437 937 3486 Aristoteles
952 3437 1065 3485 mundum

192 3497 249 3546 dixit
266 3499 467 3560 mrerooorponrl'
483 3513 629 3570 nequaquam.
662 3498 790 3556 logendnm
801 3504 835 3544 est
851 3497 962 3544 mondum
982 3511 1067 3544 rursusne

193 3570 223 3602 sc.
235 3559 296 3603 doris.
330 3557 401 3604 Potest
411 3572 430 3605 e.
442 3557 500 3608 Μεθ’.
512 3557 600 3608 addidit
609 3556 678 3608 etiam
695 3557 807 3619 Davisius,
819 3557 858 3608 ssd
875 3557 899 3604 id
916 3557 939 3604 in
958 3571 1020 3620 seqq.
1032 3561 1069 3604 ert

195 3619 220 3662 et
229 3615 272 3664 huo
281 3615 340 3664 trahi
351 3621 432 3677 potest.
