2552 4208
503 331 780 392 mensurus.
1013 341 1075 410 ηρ

202 501 299 566 aequa
312 487 351 548 ad
363 485 437 549 illud
450 501 554 548 munus
573 485 672 556 electi,
695 487 752 548 nist
764 487 797 548 ln
816 485 987 564 quibam
1000 489 1078 564 prin·

202 589 328 664 cipibus,
339 587 516 663 temporibus
527 588 595 655 illis,
606 587 728 647 luluent
740 587 837 648 studia
849 587 1009 650 uoetems.
1025 585 1077 667 qui

202 703 272 748 cum
285 694 385 746 cetere
402 687 507 746 litteris
521 689 702 757 mandarent,
714 687 766 748 elil
773 688 824 764 jar
836 687 939 758 civile,
952 689 1005 748 alli
1014 705 1078 768 ors·

202 787 302 848 tiones
326 803 402 856 suas,
422 787 474 846 alti
493 786 713 848 ''monumeute
739 788 899 864 mnjorumz
919 790 998 848 benc
1017 802 1078 849 em·

138 878 142 892 ,
203 887 366 964 pllssbnam
387 887 517 948 omnium
530 887 637 948 amium
649 889 726 947 bene
739 887 865 948 vivendi
888 887 1077 963 daetpltssm

204 986 269 1046 vite
279 987 381 1062 magis,
392 1004 479 1063 quam
490 987 597 1046 litteris
611 987 756 1062 persecuti
769 993 847 1046 sunt.
880 987 984 1058 ltaque
997 988 1077 1048 illim

204 1100 305 1154 verae,
324 1087 525 1168 elegantisque
545 1085 758 1162 philosophiae,
778 1103 854 1162 qnae
872 1088 962 1144 ducta
984 1101 1003 1144 a
1024 1087 1076 1146 So

204 1189 286 1244 orate
305 1183 338 1243 in
360 1184 565 1259 Peripateticis
590 1185 686 1246 adbuc
699 1185 868 1261 permansit,
880 1189 911 1244 et
924 1185 1004 1244 idem
1017 1185 1077 1247 alio

204 1286 293 1345 modo
305 1283 471 1344 dicentibus
486 1285 606 1355 Stoicis,
619 1303 687 1346 eum
701 1285 878 1346 Academici
895 1303 994 1346 eorum
1008 1303 1078 1346 cou-

203 1385 362 1444 troversiae
387 1382 596 1458 disceptarent,
622 1388 703 1445 nulla
726 1386 789 1445 lere
811 1391 890 1454 sunt,
911 1391 961 1444 aut
983 1402 1078 1462 pecca

203 1485 361 1543 admodum
384 1483 493 1542 Latina
506 1489 704 1554 monuments,
717 1485 783 1544 slve
796 1491 916 1560 propter
935 1486 1078 1560 maguitu-

204 1585 305 1645 dinem
318 1599 423 1652 remm,
433 1583 714 1659 occupationemque
728 1586 888 1654 bominum,
901 1585 968 1643 slve
977 1585 1078 1655 etiam,

204 1685 282 1762 quod
302 1683 444 1758 imperitis
464 1699 500 1741 ea
522 1683 636 1757 probari
659 1699 744 1758 posse
765 1700 825 1742 non
847 1683 1076 1742 erbltrabantnr:

205 1800 273 1842 cum
292 1783 420 1852 iuterim,
434 1783 493 1842 illis
511 1781 666 1840 silentibus
688 1782 726 1842 0.
747 1782 912 1842 Amafinius
931 1782 950 1816 ¹¹
962 1783 1078 1844 exstitit

203 1883 325 1943 dicens:
346 1883 429 1959 cujus
442 1882 524 1941 libris
537 1881 635 1950 editis,
647 1887 794 1942 commota
808 1883 963 1942 multitudo
976 1887 1078 1944 eontu-

204 1985 285 2043 litae
298 1985 335 2044 ad
357 1986 482 2042 eandem
507 1982 687 2058 potissimum
711 1969 907 2056 disciplinam,
921 1983 987 2042 sive
1000 1983 1077 2058 quod

204 2089 268 2144 erat
279 2084 399 2160 cognitu
414 2081 572 2158 perfacilis,
595 2082 661 2140 sive
683 2084 760 2158 quod
782 2081 928 2142 invitabat
947 2081 1077 2142 ''illece-

205 2185 263 2243 bris
286 2185 412 2244 blandae
427 2181 596 2257 voluptatis,
609 2182 677 2240 eive
695 2182 794 2252 etiam,
807 2183 875 2259 quia
889 2183 964 2241 nihil
984 2185 1078 2258 prole·

205 2289 266 2342 tum
287 2294 350 2343 erat
371 2283 489 2351 melius3
509 2281 592 2350 lllud,
612 2281 688 2356 quod
716 2285 787 2350 erat,
815 2283 964 2340 tenebant.
1005 2283 1078 2341 Post

207 2363 385 2442 Amafinium
395 2389 492 2440 autem
506 2379 590 2439 multi
604 2380 733 2453 ejusdem
747 2381 856 2439 aemuli
871 2381 992 2443 rationis
1005 2381 1077 2440 mul·

207 2484 332 2540 tecum
358 2481 549 2554 scripsissent,
574 2479 691 2538 ltelism
719 2484 811 2537 totem
834 2485 1075 2556 occupaveruntc

206 2581 338 2656 quodque
359 2579 517 2638 maximnm
546 2584 748 2653 argumentum
774 2584 830 2647 est,
853 2596 913 2637 non
940 2579 1002 2639 dici
1025 2581 1078 2639 illa

203 2679 358 2748 subtiliter,
372 2681 447 2755 quod
467 2679 557 2737 etiam
577 2677 665 2738 laeile
679 2677 862 2736 ediscantur:
883 2681 913 2736 et
926 2679 964 2735 ab
977 2678 1077 2737 indoc-

205 2779 243 2839 tis
263 2781 427 2854 probentur,
448 2777 479 2836 id
503 2777 549 2837 illl
573 2777 786 2836 firmamentum
809 2793 874 2834 esse
901 2774 1077 2851 disciplinae

207 2883 318 2954 putant.
374 2879 434 2937 Sed
466 2877 605 2936 defendat
634 2876 710 2952 quod
734 2875 854 2950 quiaque
877 2873 988 2933 sentit:
1009 2873 1109 2936 sunta

202 3092 229 3141 d
235 3035 257 3068 ¹⁰
271 3038 413 3082 cucumerum
426 3032 547 3096 cojorum]
563 3031 579 3080 i.
590 3045 611 3080 a.
629 3045 665 3080 res
676 3045 690 3078 a
703 3029 824 3090 majoribus
838 3035 912 3092 gestas
928 3035 952 3078 et
969 3031 1078 3080 memoria

222 3109 228 3139 l
260 3108 292 3141 al.

229 3109 259 3206 ‘¹¹¹¹
271 3171 354 3219 sustitit
362 3171 446 3235 dicens]
462 3173 538 3219 dicem
545 3171 607 3218 delet
617 3169 746 3219 Lambinus.
771 3168 841 3216 Certe
849 3167 943 3216 offendit
953 3169 1077 3232 paululum.

206 3231 288 3279 cicero
298 3237 371 3294 potest
387 3239 526 3286 venustatem
535 3245 563 3278 er
572 3229 690 3278 antithetis
704 3229 770 3277 silere
779 3253 789 3262 ·
799 3255 807 3264 ·
818 3229 891 3275 dicere
900 3227 1041 3290 quaesivisse,
1051 3233 1079 3277 ul

205 3291 257 3340 aliis
267 3292 337 3338 locis:
354 3292 392 3338 sed
403 3292 529 3352 oppositum
545 3309 585 3341 rou
600 3289 717 3337 silentibus
735 3293 769 3335 est
779 3297 803 3334 et
819 3287 842 3332 in
853 3292 960 3350 sequente
969 3288 1034 3334 editis
1049 3289 1077 3336 u·

205 3354 260 3403 bris.
293 3355 401 3402 Rubenius
411 3369 438 3401 en
446 3357 482 3402 ed.
493 3360 571 3403 vetere
580 3354 644 3402 dedit
654 3353 745 3400 mens.-
760 3353 819 3416 quod
828 3367 872 3400 oon
883 3352 953 3412 magis
962 3352 1047 3414 placet.

236 3435 259 3468 ¹²
272 3435 383 3482 &crebris
402 3435 491 3481 blandis
501 3434 627 3496 voluptatis]
643 3433 695 3496 quia
712 3433 786 3494 plures
796 3431 848 3478 libri
859 3447 899 3480 sat.
916 3432 1002 3479 hubent
1014 3433 1078 3481 bina·

205 3493 253 3550 dcc,
265 3494 287 3540 id
298 3509 347 3540 curn
360 3495 453 3541 Daviaio
462 3495 542 3556 recepi.
554 3501 600 3540 tum
612 3493 801 3554 protendebatur
809 3492 861 3538 dedi
878 3492 994 3549 incitabat,
1003 3504 1078 3544 neces·

205 3551 274 3602 ritate
283 3553 438 3605 Grammstisa
447 3573 453 3602 r
469 3568 521 3604 uam
530 3554 627 3604 relatur
635 3553 665 3601 ad
674 3551 822 3616 disciplinam,
830 3557 856 3602 ut
864 3553 1000 3617 praecedens
1006 3556 1062 3601 ml.
