2548 4208
206 305 269 370 194
447 291 582 346 TUSGUia
601 291 844 350 evantium

202 449 273 519 rint
293 445 361 508 ferri
380 449 411 504 et
431 461 526 520 poree,
549 451 579 506 et
601 453 744 522 oportere,
764 446 945 508 enumeratio
966 466 1077 522 eorum,

204 547 255 624 qui
278 549 414 606 tulerunt.
442 547 498 604 etri
525 547 715 622 aegritudinis
742 548 856 606 sedatio
883 555 914 608 et
938 552 1077 612 hesterna

201 647 400 722 dlaputatioae
414 649 563 721 explicata
577 653 631 714 eat,
651 653 682 704 et
702 649 733 706 iu
750 649 970 710 consolationis
989 651 1075 721 libro,

203 765 290 825 quem
305 747 334 806 in
350 744 447 806 medio
461 744 534 821 (uon
549 748 627 806 enim
642 748 793 820 rapientes
806 749 933 826 eramus)
944 767 1076 808 moerore

149 867 152 875 ·
203 854 234 908 el
254 850 353 905 dolore
366 846 606 917 coneoriuaimua:
631 849 763 922 quodque
787 852 869 906 aetat
884 849 1075 924 Chryaippur,

206 949 244 1008 ad
260 953 393 1006 recenter
404 947 486 1021 quari
501 953 625 1004 tumorea
638 945 739 1014 animi,
754 947 913 1006 remedium
926 949 1076 1018 adhibere,

199 1047 235 1106 id
258 1065 309 1108 uoa
328 1047 459 1112 lecimus,
479 1057 655 1120 naturaeque
671 1045 731 1104 vim
745 1047 904 1116 attulimus,
918 1053 950 1106 ut
964 1048 1075 1123 magni·

150 1143 192 1204 3⁰
204 1148 295 1206 tudini
310 1147 474 1204 medicinae
489 1147 596 1202 doloris
611 1145 780 1219 magnitudo
793 1149 978 1206 concederet.
1013 1148 1075 1208 Sed

200 1246 386 1320 aegritudini,
399 1247 436 1302 de
450 1263 506 1318 qua
519 1245 590 1301 aetia
610 1251 655 1302 eet
669 1245 855 1317 ‹lisputatum
869 1247 1008 1306 finitimus
1028 1249 1075 1307 eat

201 1351 305 1408 metue.
357 1343 404 1400 De
432 1355 489 1417 quo
514 1359 607 1416 pauca
634 1343 760 1400 dicenda
784 1350 860 1402 eunt.
910 1346 964 1404 Eat
993 1347 1074 1409 enim

200 1453 307 1512 netur,
321 1448 351 1502 ut
365 1443 524 1519 aegritudo,
546 1443 723 1516 praesentim
753 1443 796 1502 ric
810 1445 872 1512 tlte,
891 1444 978 1504 luturi
992 1445 1072 1506 mali.

199 1547 304 1621 ltaque
320 1543 452 1604 nonnulli
466 1543 655 1617 aegritudinis
669 1547 781 1616 partem
795 1545 949 1618 quandam,
963 1550 1073 1604 melum

199 1663 266 1706 ease
287 1646 434 1702 dicebaut.
454 1642 505 1700 alii
518 1655 616 1703 autem
639 1650 756 1712 metum,
770 1643 1003 1717 praemolestiam
1023 1661 1073 1720 ap·

200 1747 359 1820 pellebant,
372 1741 393 1776 ⁰⁹
402 1745 478 1818 quod
492 1748 570 1800 eeset
580 1743 663 1816 quasi
676 1743 737 1800 dux
748 1743 955 1818 consequentia
969 1746 1073 1802 moler-

201 1844 270 1904 liae.
326 1843 439 1915 Quibue
467 1841 555 1915 igitur
582 1841 741 1900 rationibus
764 1843 906 1900 instanlia
932 1843 1072 1912 teruntur,

200 1943 313 2002 eisdem
326 1945 552 2000 contemnuntur
572 1941 733 2014 sequentia.
754 1959 822 2000 nam
847 1942 1006 2002 videndum
1025 1945 1072 2002 eat

201 2043 234 2100 in
252 2041 387 2115 utrisque,
403 2057 439 2098 ne
453 2040 521 2115 quid
536 2040 655 2108 humile,
668 2042 861 2111 summissum,
874 2045 972 2111 molle,
985 2043 1074 2102 elioe-

200 2135 352 2206 minatum,
365 2139 496 2208 fractum,
506 2138 707 2215 abjectumque
721 2140 870 2200 iaciamus.
900 2143 960 2200 Sed
974 2159 1072 2218 quam·

201 2256 288 2314 quam
314 2240 352 2298 de
385 2239 475 2314 iuaiue
501 2248 594 2297 metue
622 2240 831 2310 inconstantia,
857 2242 1072 2313 imbecillitate.

200 2339 324 2400 levitate
347 2338 503 2398 dicendum
529 2345 592 2398 eet:
627 2345 724 2398 tameo
745 2342 867 2398 mullum
889 2344 1072 2415 prodeat,ea,

200 2455 276 2516 quae
289 2443 461 2508 metuuntur,
475 2440 537 2513 iura
550 2444 749 2500 contemnere.
795 2441 908 2516 ltaque,
922 2441 986 2500 rive
1000 2459 1072 2502 caea

200 2537 320 2606 accidit,
333 2539 398 2597 eive
416 2539 551 2606 coneilio,
571 2540 774 2614 percommode
796 2538 904 2598 lactum
926 2548 981 2609 eet,
995 2543 1072 2617 quod

200 2637 244 2696 eie
259 2639 296 2695 de
316 2640 409 2706 rebus,
423 2656 496 2712 quae.
521 2638 649 2694 maxime
668 2642 842 2706 metuuntur,
866 2639 904 2695 de
919 2649 1019 2710 morte,
1039 2645 1071 2700 et
1141 2677 1142 2684 κ

200 2737 237 2795 de
249 2738 348 2794 dolore
363 2737 464 2811 primo,
478 2741 508 2793 et
522 2736 654 2809 proximo
664 2735 712 2794 die
723 2737 900 2810 disputatum
911 2745 964 2796 eat.
987 2741 1070 2814 Quae

200 2835 227 2899 ei
244 2839 365 2910 probata
385 2841 461 2902 eunt,
475 2840 553 2892 metu
568 2851 674 2910 magna
688 2853 725 2892 ex
740 2841 822 2910 parte
836 2838 953 2896 liberati
963 2857 1069 2899 sumar.

203 2939 251 2998 Aa
265 2940 302 2994 de
315 2937 455 2994 malorum
470 2935 618 3007 opinione,
631 2933 782 2991 hactenus.

148 3019 187 3080 3¹
240 3036 403 3094 Videamus
424 3050 501 3092 nunc
515 3034 553 3090 de
567 3033 716 3100 boucam,
737 3033 768 3090 ld
782 3039 837 3103 est,
850 3035 887 3092 de
901 3037 1025 3106 laetitia,
1039 3041 1070 3097 et

202 3135 242 3196 de
256 3131 427 3209 cuspiditate.
468 3131 546 3190 litui
559 3130 675 3207 quidem
689 3131 720 3190 in
735 3135 922 3192 toleratione
937 3153 1071 3210 eaquae
1157 3153 1161 3182 ¹

193 3359 217 3422 s
231 3290 254 3325 ὓ
267 3289 354 3354 efferat]
379 3289 394 3337 i.
410 3303 431 3337 e.
447 3285 518 3335 levior
535 3285 611 3334 faeiat.
651 3284 691 3334 Gr.
707 3306 787 3360 agerer.
806 3289 868 3338 male
891 3287 944 3337 edd.
960 3290 1071 3352 quaedam

212 3366 269 3407 aar.

202 3431 593 3544 affilffiaafffflffiuiffltuat
601 3429 714 3482 deciderat
721 3433 829 3486 oralionia
837 3437 917 3488 torma.
927 3439 987 3488 mele
996 3435 1072 3500 ruta.

279 3512 292 3544 u
