2548 4208
467 325 567 378 nicea
581 325 715 390 rattrud
804 399 810 413 x

168 491 229 536 mon
243 473 395 536 levissima
408 474 448 536 de.
459 493 502 545 re,
515 481 546 536 ut
560 475 688 554 queritur
700 475 760 546 ille,

209 631 291 679 'Fieri
306 632 329 678 in
344 630 438 678 civitate
453 631 551 678 facinora
566 631 688 694 capitalia:

228 712 267 759 Ab
282 711 355 757 amico
374 713 464 757 amante
482 717 597 771 argentum
614 711 715 774 accipere
730 710 837 760 meretrix
854 727 898 762 non
914 716 978 764 vulti

2 795 7 987 ν
169 850 223 908 sed
246 855 276 908 ut
300 851 406 921 adsint,
430 859 619 928 cognoscant,
643 853 888 925 animadvertant,
913 855 1039 931 quidde

168 949 320 1023 religione,
340 952 456 1024 pietate,
477 954 644 1020 sanctitate,
666 955 869 1021 caeremoniis,
883 955 949 1020 lide,
962 955 1041 1028 jure·

161 1048 299 1124 jurando,
314 1051 380 1124 quid
395 1053 432 1108 de
458 1049 585 1124 templis,
606 1053 734 1110 delubris
757 1052 965 1128 sacrificiisque
986 1055 1041 1114 sol·

168 1149 322 1213 lemnibus,
341 1151 408 1222 quid
433 1151 470 1207 de
484 1151 554 1224 ipsis
569 1153 718 1223 auspiciis,
734 1153 836 1225 quibus
861 1169 913 1209 uos
928 1171 1042 1226 praesu·

168 1264 242 1315 mus,
257 1247 484 1306 existimandum
504 1249 551 1306 sit.
567 1249 640 1308 baec
655 1252 735 1307 enim
749 1250 848 1308 omnia
862 1254 897 1308 ad
913 1249 989 1310 hanc
1003 1253 1041 1311 de

63 1347 64 1350 ’
167 1349 225 1406 diis
239 1348 450 1406 immortalibus
464 1350 665 1423 quaestionem
684 1351 834 1407 referenda
855 1357 931 1408 sunt.
973 1353 1042 1410 Pro·

167 1448 247 1504 tecto
260 1466 310 1505 eos
325 1449 412 1521 ipsos,
437 1449 485 1521 qui
507 1467 539 1504 se
553 1449 661 1522 aliquid
676 1449 751 1505 certi
773 1450 880 1507 habere
903 1449 1042 1507 arbitren-

79 1569 92 1574 -
168 1551 223 1611 tur,
248 1545 417 1602 addubitare
452 1553 537 1618 coget
566 1548 800 1604 doctissimorum
826 1548 976 1604 hominum
1003 1550 1041 1605 de

167 1647 298 1704 maxima
312 1662 342 1701 re
358 1651 438 1702 tanta
452 1644 606 1700 dissensio.
649 1646 734 1716 Quod
755 1662 822 1700 cum
847 1663 934 1717 saepe
958 1646 1041 1715 alias,

135 1777 140 1789 ·
168 1749 229 1802 tum
253 1744 379 1806 maxime
407 1743 612 1810 animadverti,
636 1742 738 1800 ”cum
763 1745 837 1816 apud
863 1745 898 1800 0.
922 1745 1041 1802 Cottam

166 1844 339 1900 familiarem
354 1861 449 1900 meum
464 1851 600 1900 accurate
619 1861 699 1908 sane,
714 1848 745 1900 ot
764 1842 923 1917 diligentur
945 1844 982 1900 de
1003 1844 1040 1901 iis

167 1941 376 2000 immortalibus
390 1943 568 2013 disputatum
591 1943 637 2000 sit.
680 1944 768 2010 Nam,
793 1960 860 2000 cum
883 1942 961 2000 seriis
983 1945 1040 2001 La-

165 2041 236 2100 tinis
260 2044 297 2098 nd
321 2060 397 2110 enm,
423 2044 512 2116 ipsius
536 2048 635 2116 rogatu
658 2043 854 2117 arcessituque
881 2043 1039 2110 venissem,

165 2143 273 2200 offendi
285 2161 351 2200 eum
365 2145 515 2202 sedentem
531 2143 561 2200 in
577 2143 715 2209 exhedra,
729 2148 759 2199 et
770 2159 837 2199 cnm
859 2143 894 2200 C.
917 2142 1038 2200 Velleio

165 2253 299 2302 senatore
314 2246 529 2316 disputantem:
551 2246 587 2301 ad
602 2262 687 2320 quem
703 2249 763 2300 tum
777 2243 914 2316 Epicurei
931 2243 1037 2316 primas

165 2361 203 2402 ex
219 2344 323 2400 nostris
347 2344 511 2400 bominibus
535 2343 714 2399 deferebant.
757 2343 870 2400 Aderat
895 2344 984 2400 etiam
999 2343 1037 2416 Q.

166 2443 299 2501 Lucilius
320 2442 446 2508 Balbum
476 2441 525 2514 qui
550 2446 647 2496 tantos
673 2457 837 2512 progressus
859 2442 985 2498 habebat
1005 2442 1038 2501 in

167 2541 288 2603 Stoicis,
302 2545 332 2594 ut
348 2557 413 2596 cnm
435 2539 649 2594 excellentibus
672 2536 703 2595 in
725 2555 762 2594 eo
783 2555 890 2611 genere
914 2539 1037 2596 Graecis

166 2644 391 2712 compararetur.
433 2638 522 2703 Tum,
537 2642 567 2693 ut
588 2654 633 2694 me
657 2637 745 2694 Cotta
771 2636 855 2702 vidit,
880 2635 1039 2710 Peroppor-

165 2745 246 2804 tune,
267 2738 368 2810 inquit,
392 2737 486 2794 venis.
509 2737 598 2793 oritur
618 2737 697 2794 euim
720 2735 794 2792 mibi
818 2753 924 2810 magna
948 2736 985 2793 de
1005 2753 1037 2794 re

138 2847 142 2856 “
164 2839 397 2897 altercationum
414 2837 549 2893 Velleio:
579 2834 637 2898 cui,
664 2852 714 2908 pro
729 2839 778 2891 tuo
792 2835 897 2903 studio,
912 2853 971 2893 non
992 2840 1037 2894 est

163 2931 293 2996 alienum
324 2943 352 2993 te
377 2937 528 2995 interesse.
572 2933 664 3007 Atqui
689 2933 761 2990 mibi
785 2951 897 3008 quoque
924 2935 1065 3005 videon!

160 3037 291 3108 inquam,
308 3036 433 3098 venisse,
448 3041 478 3093 ut
492 3033 577 3100 dicis,
591 3037 761 3106 opportune,
782 3038 840 3091 tres
855 3034 934 3092 enim
949 3034 1035 3092 trium

159 3136 380 3210 disciplinarum
404 3135 549 3209 principes
575 3132 769 3192 convenistis.
810 3131 831 3164 ω
846 3132 889 3191 Μ.
915 3133 985 3192 Piso
1009 3133 1035 3191 si

191 3292 216 3326 2²
231 3307 281 3338 cum
293 3292 430 3348 disputatum
444 3290 471 3336 rit
497 3305 548 3337 rum
567 3289 633 3335 esth.
653 3288 668 3334 1.
687 3287 807 3360 temporis5
827 3287 903 3350 itaque
912 3287 933 3333 ei
944 3289 973 3334 sit
990 3302 1035 3335 non

164 3352 276 3398 convenit.
311 3353 386 3398 Sensit
402 3351 469 3398 Galle
480 3350 544 3407 mins,
562 3348 599 3409 qni
619 3348 745 3408 corrigebat
761 3349 821 3404 fuet.
840 3363 884 3394 uon
903 3348 970 3396 male.
991 3361 1034 3407 ego

162 3417 237 3458 tamen
248 3411 324 3456 malim
334 3415 393 3458 ercet

193 3491 217 3523 ⁹³
232 3492 266 3538 Μ.
280 3492 332 3538 Piso
349 3493 369 3537 ri
385 3492 416 3554 a]
447 3491 521 3539 delevi
533 3490 652 3537 enimcum
664 3487 758 3536 Davisio
774 3490 797 3534 et
816 3487 956 3536 Alemaunor
974 3487 1032 3550 quod

165 3555 300 3654 mccfgrvinte
315 3556 381 3611 patet
399 3565 447 3600 esse
466 3551 572 3608 alienum,
584 3554 608 3596 et
624 3549 688 3596 abest
698 3549 756 3596 Mas.
776 3546 890 3608 pluribus:
914 3548 944 3598 de
954 3547 1033 3597 Pisone

204 3706 275 3747 von.
297 3709 349 3750 rr.
599 3692 638 3746 24
