2558 4198
453 309 553 362 nram
567 309 700 362 miuus.
727 319 731 326 ·
949 303 1013 380 pqr

144 463 313 530 necssdtas,
327 467 419 536 quam'
432 461 574 538 ips-pum
587 461 703 520 dicitis:
723 464 764 528 ut,
785 459 922 536 quidquid
936 462 1016 521 acci·

143 564 204 627 dat,
219 563 247 619 id
272 581 310 618 ex
331 567 450 619 aeterna
474 565 608 628 veritate,
633 578 840 636 causarumque
865 562 1016 622 continue·

146 661 225 719 tione
237 661 356 718 fluxisse
371 660 486 720 dicatis.
508 660 618 733 Quanti
633 667 729 716 autem
745 661 817 718 haec
831 659 1017 733 philosophia

138 761 327 818 aestimanda
342 765 395 827 est,
409 759 465 830 cui,
487 765 632 834 tamquam
646 759 781 826 aniculis,
795 766 824 816 et
839 759 876 816 iis
898 758 1017 832 quidem

146 859 281 926 indoctis,
296 860 430 928 tatofieri
447 861 600 918 videantur
614 857 734 918 omnia?
761 859 897 934 Sequitur
908 879 1017 934 μντικι

146 965 254 1024 vestra,
283 977 356 1034 quae
384 959 492 1017 Latine
519 960 666 1017 divinatio
693 960 820 1018 dieitur:
850 978 906 1034 qua
936 965 1019 1018 tanta

145 1057 337 1116 imbueremur
349 1060 563 1132 superstitione,
578 1060 603 1116 si
624 1076 678 1115 vos
698 1059 798 1116 audire
819 1062 972 1129 satiemus,
985 1064 1022 1117 ut

146 1157 323 1230 haruspices,
349 1175 481 1230 augures,
507 1159 622 1226 harioli,
657 1164 740 1215 vates
769 1163 798 1214 et
834 1160 1017 1232 conjectores

135 1257 229 1314 *nobis
257 1264 355 1314 essent
383 1258 509 1314 cuteudi.
561 1258 616 1314 His
645 1257 799 1314 terroribus
824 1259 861 1314 ab
889 1257 1018 1330 Epicuro

141 1356 244 1422 animi,
259 1362 288 1412 et
303 1355 333 1412 iu
356 1355 519 1412 libertatem
541 1357 693 1423 vindicati,
708 1373 762 1414 nec
790 1356 943 1415 metuimus
956 1375 1018 1427 eor,

145 1471 216 1527 quos
231 1454 430 1528 intelligimus,
445 1472 499 1512 nac
515 1455 570 1512 sihi
593 1457 703 1528 fingere
728 1459 817 1512 uttam
843 1457 1017 1524 motestiam,

146 1569 203 1608 nec
219 1553 304 1609 atteri
317 1571 472 1626 quaerere:
504 1559 534 1608 et
549 1553 596 1625 pie
616 1559 775 1626 sancteque
798 1555 921 1614 colimus
937 1560 1017 1610 natu·

147 1666 208 1708 ram
236 1653 436 1708 excedentem
462 1655 548 1725 atque
576 1655 780 1723 praestantem.
833 1652 892 1707 Sed
923 1653 1017 1708 status

147 1750 252 1816 studio,
265 1764 376 1818 vereor,
389 1767 426 1806 ne
438 1748 551 1822 longior
561 1748 673 1806 fuerim.
695 1749 766 1807 Erat
778 1754 875 1807 autem
885 1748 1017 1818 difficits,

141 1867 209 1907 arem
237 1855 359 1916 tantam,
383 1853 499 1922 tamque
524 1849 712 1920 praectarum,
738 1847 906 1906 inchoatam
931 1821 1017 1906 retin-

147 1967 243 2024 quere.
268 1957 524 2023 quamquam‘nou
547 1951 606 2004 tam
630 1946 750 2004 dicendi
772 1945 847 2004 ratic
870 1945 943 2004 mihi
967 1947 1016 2006 ha·

138 2027 241 2107 banda
254 2047 317 2117 suit,
331 2065 417 2123 quam
431 2046 578 2104 audiendi.

187 2149 267 2206 Tum
293 2149 390 2214 Cotta,
421 2147 552 2213 comiter,
580 2149 611 2202 ut
634 2145 756 2212 sciebat,
783 2145 884 2219 Atqui,
911 2136 1066 2220 inquisti·

146 2249 256 2314 Vettei,
281 2247 338 2304 nisi
367 2251 397 2303 tu
422 2246 531 2318 atiquid
553 2244 689 2311 dixisses,
711 2243 783 2300 nihii
804 2263 874 2302 sane
900 2263 940 2303 ex
968 2263 1016 2302 ma

147 2347 263 2420 quidem
288 2344 388 2400 audire
403 2345 554 2414 potuisses.
575 2343 648 2398 mihi
669 2343 747 2398 euim
768 2360 826 2399 uon
848 2349 908 2400 tam
929 2345 1016 2402 tacite

147 2446 178 2500 in
202 2448 331 2500 mentem
357 2439 460 2496 venire
488 2441 572 2503 sotet,
596 2456 683 2512 quare
706 2453 811 2495 verum
835 2441 873 2496 sit
898 2442 1017 2516 aliquid,

147 2559 233 2616 quam
248 2556 335 2613 quare
357 2539 468 2594 tatsum.
510 2537 600 2610 idque
623 2553 691 2594 cum
704 2555 800 2610 saepe,
823 2543 972 2605 tumeam
987 2545 1016 2598 te
1051 2587 1054 2594 .

148 2639 278 2697 audirem
296 2635 317 2668 ⁸⁸
331 2637 428 2710 paulin
447 2641 525 2700 aute,
546 2634 678 2710 contigit.
720 2636 816 2709 Reges
832 2653 888 2703 me,
902 2639 1016 2712 quatem

147 2740 266 2796 deorum
283 2741 415 2793 naturam
428 2732 448 2764 ⁸⁴
459 2751 522 2790 esse
536 2733 632 2790 dicam
647 2755 653 2789 :
676 2734 748 2792 nihil
767 2735 887 2791 tortasse
902 2753 1017 2809 respon·

146 2839 242 2896 deam.
285 2837 425 2908 Quaeras,
446 2837 583 2906 putemne
601 2835 688 2889 tatem
703 2851 776 2900 esse,
790 2833 882 2909 quatis
902 2837 1017 2893 medea

146 2943 176 2995 te
191 2937 229 2993 sit
249 2933 399 3008 exposita:
421 2931 495 2990 nihil
516 2931 613 2990 dicam
638 2931 710 2988 mini
730 2931 825 2989 videri
846 2933 949 2991 miuus.
964 2935 1017 2994 sed

145 3015 303 3111 antequem
323 3032 475 3108 aggrediar
493 3033 529 3088 ad
543 3049 589 3099 ea,
603 3049 676 3106 quae
698 3048 715 3088 a
733 3035 764 3088 te
777 3031 925 3106 disputata
939 3039 1016 3104 suut,

145 3138 182 3196 de
198 3141 226 3193 te
241 3136 305 3209 ipso
325 3133 422 3192 dicam
444 3132 510 3207 quid
532 3127 665 3190 seutiam.
710 3132 806 3204 Saepe
827 3132 906 3190 enim
921 3135 957 3189 de
979 3135 1014 3192 L.
1119 3117 1121 3128 ¹

146 3234 263 3303 Crasso,
289 3232 431 3292 familiare
452 3233 504 3290 ilto
529 3239 587 3300 tuo,
613 3231 715 3288 videor
741 3230 866 3298 audisse,
893 3249 960 3290 cum
985 3237 1016 3292 te

175 3408 198 3440 ⁸⁰
210 3410 286 3464 paullo
296 3413 354 3462 ante,
365 3408 465 3470 cmdgtr]
486 3407 545 3455 male
561 3406 629 3467 vulgo
638 3405 754 3464 munga,
774 3403 831 3453 Mra.
844 3403 1015 3467 plumescat.

146 3471 202 3512 vett.
214 3469 297 3514 habeut
307 3469 407 3526 contigit,
418 3477 441 3514 ut
456 3469 506 3515 Atd.

150 3587 159 3601 ,
173 3543 202 3578 ⁸⁴
212 3548 361 3610 assederam]
382 3547 430 3597 Ma.
441 3545 608 3596 (dastidium.
620 3545 682 3594 bens.
694 3545 787 3626 vulgato
796 3557 838 3594 csse
847 3559 892 3596 nou
901 3543 1013 3625 convenit.
