2538 4188
465 300 726 354 uraaarnamua.
817 333 821 340 ·
974 312 1047 376 ati*

169 466 187 509 a
201 453 312 526 paucis,
325 458 356 510 et
369 468 451 520 raro;
477 450 630 510 ”alterum
650 457 681 510 et
694 469 791 526 caepe,
804 456 836 512 et
849 469 867 512 a
886 427 1036 529 plurimia:

167 556 200 610 ut
219 552 311 610 satius
325 552 411 611 luerit
426 555 535 611 nullam
553 553 675 611 omnino
688 553 770 621 nobie
783 572 802 612 a
815 555 871 612 diia
891 555 1038 616 immorta

165 651 242 710 libus
262 653 359 710 datam
368 670 440 709 erae
461 653 613 720 rationem,
626 669 712 728 quam
726 659 807 713 tauta
821 655 1039 728 cum-pernicio

166 751 276 808 datam.
316 751 359 808 Ut
374 751 474 808 viuum
489 751 623 826 aegrotis,
638 753 706 827 quia
727 755 843 826 prodeat
863 769 934 823 raro,
948 759 1038 812 nocet

164 849 345 922 memmium,
360 851 464 908 meiius
484 857 529 908 cat
549 869 608 910 nou
630 852 770 909 adhibere
794 838 925 917 omniuo,
948 867 1036 926 quam

164 965 216 1021 ape
236 949 342 1007 dubiae
355 951 457 1008 salutis
482 950 513 1007 in
534 957 664 1024 apertam
688 948 848 1024 perniciem
868 949 1035 1007 incurrere:

164 1047 207 1104 sic
223 1049 381 1118 treudacio,
395 1067 433 1107 an
447 1051 552 1109 melius
564 1051 660 1115 fuerit,
674 1050 801 1108 humano
810 1051 912 1124 generi
926 1053 1036 1108 motum

161 1144 249 1204 iatum
264 1150 391 1206 celerem
404 1150 602 1223 cogitationis,
617 1165 751 1214 acumen,
765 1148 936 1216 sollertiam,
949 1167 1035 1224 quam

165 1243 309 1302 rationem
324 1264 472 1314 vocamur,
492 1248 629 1322 quoniam
650 1247 785 1321 pestilera
806 1248 845 1304 cit
865 1247 973 1316 multia,
986 1248 1036 1306 ad·
1058 1239 1064 1246 ’

163 1343 279 1400 modum
294 1343 394 1418 paucis
409 1346 551 1412 salutaria,
564 1363 623 1403 non
637 1346 700 1404 dari
717 1343 847 1412 omnino,
862 1364 947 1421 quam
972 1353 1033 1404 tam

161 1442 299 1500 munifice
317 1446 347 1501 ot
375 1450 435 1501 tam
460 1447 539 1519 large
559 1445 630 1501 dari.
682 1446 877 1518 Quamobrem
902 1445 928 1502 ai
951 1463 1033 1504 mena

161 1543 355 1617 voluntasque
384 1541 488 1600 diviua
522 1541 634 1600 idcirco
666 1545 814 1625 conculuit
857 1544 1034 1613 hominibua,

161 1641 237 1714 quod
264 1640 300 1698 iis
329 1639 432 1715 largita
455 1645 501 1698 eat
525 1640 685 1698 rationem:
719 1641 756 1699 iia
780 1641 851 1698 colia
877 1641 1032 1710 consuluit,

161 1757 233 1813 quoe
247 1741 325 1796 bona
339 1739 452 1797 ratione
467 1739 605 1797 donavit:
634 1743 705 1814 q'uoa
729 1741 872 1806 videmur,
897 1740 922 1796 ai
947 1741 1032 1798 modo

156 1837 211 1894 ulli
224 1841 301 1902 eunt,
315 1853 380 1893 ease
395 1853 563 1909 perpaucos.
605 1839 633 1894 N
636 1855 675 1894 ou
696 1841 792 1910 placet
816 1843 915 1895 autem
929 1839 1029 1910 pauci·

155 1933 246 1992 adiie
261 1934 470 1990 immortalibus
484 1951 548 1992 esee
568 1939 750 2008 consultumr
771 1935 928 2012 “sequitur
948 1953 1028 2012 argo,

158 2037 191 2091 ut
205 2031 316 2090 nemini
326 2031 490 2090 consultum
504 2033 554 2091 ait.
601 2055 607 2072 ·

196 2131 275 2190 Huic
300 2134 367 2189 loco
380 2132 424 2189 aio
437 2133 537 2190 coletis
559 2151 726 2192 occurrere:
757 2151 819 2192 nou
841 2135 954 2193 idcirco
968 2153 1027 2194 aon
1038 2129 1079 2188 28

160 2230 271 2303 optime
286 2231 371 2288 nobis
386 2247 404 2287 a
417 2231 473 2288 diis
487 2249 551 2289 ease
566 2233 722 2305 provisum,
733 2234 808 2307 quod
823 2223 912 2292 multi
929 2249 1029 2293 eorum

154 2329 299 2387 monticlo
310 2345 446 2401 perverse
459 2334 615 2386 uterentur.
630 2331 719 2386 etiam
728 2333 909 2404 patrimoniis
917 2335 1027 2392 multoc

154 2431 232 2487 male
256 2427 318 2484 uti:
349 2442 406 2484 nac
435 2427 473 2484 ob
500 2441 566 2482 cam
590 2441 709 2482 caueam
735 2443 785 2483 eos
805 2431 983 2489 beneficium
1008 2449 1027 2490 a

154 2519 284 2602 pritribue
311 2527 425 2584 nullum
452 2525 569 2582 habere.
625 2523 783 2597 Quisquam
811 2524 888 2582 iatuc
915 2527 1027 2602 negati

151 2632 201 2685 aut
213 2624 315 2701 ”quae
326 2631 370 2682 est
383 2625 414 2682 in
430 2624 588 2683 collatione
603 2622 659 2682 iata
669 2620 854 2682 similitudo?
875 2641 931 2682 nec
946 2626 1026 2685 enim

150 2725 273 2784 Herculi
296 2723 437 2782 Deianira
464 2739 571 2781 nocere
594 2722 698 2790 voluit,
725 2739 793 2782 cum
826 2722 855 2782 ei
884 2723 1027 2789 tunicam,

151 2823 294 2899 sanguine
325 2823 465 2883 Centauri
498 2823 631 2891 tinctam,
660 2822 763 2880 dedit:
797 2839 854 2881 nec
881 2824 1020 2897 procerae

151 2923 284 2984 Pheraeo
297 2923 401 2982 laconi
421 2923 457 2993 ir,
470 2924 520 2999 qui
532 2922 631 2998 gladio
656 2920 803 2980 vomicam
817 2920 878 2996 ejua
899 2922 1022 2997 aperuit,

178 3077 200 3110 ’θ
214 3079 311 3128 altarum
326 3083 345 3124 et
354 3092 415 3136 mapa
430 3083 451 3125 el
468 3092 482 3124 c
496 3077 623 3148 plurimus]
645 3091 707 3134 caepe
718 3077 770 3148 lura
789 3059 873 3134 semper
890 3075 950 3124 edidi
973 3091 1024 3127 cum

150 3135 277 3192 navatae
295 3138 350 3186 Mer.
362 3143 386 3183 et
403 3137 455 3184 edd.
471 3141 527 3184 vett.
538 3141 607 3198 atque
617 3135 640 3182 ul
650 3141 674 3182 et
694 3137 831 3184 antithereoa
845 3135 904 3183 ratio
913 3137 1022 3198 portulat.

150 3197 269 3258 opponitur
279 3197 339 3245 enim
350 3211 403 3245 raro
412 3203 437 3243 et
451 3209 520 3252 coepe,
530 3199 556 3242 ut
563 3195 632 3254 pauci
641 3200 665 3241 et
677 3195 786 3252 plurimi.

180 3275 203 3308 ⁰⁷
219 3275 406 3338 saeuiturum]
439 3273 515 3335 Vulgo
533 3280 567 3322 ert
584 3277 604 3322 ai
623 3289 661 3334 req.
679 3289 697 3321 c.
713 3278 738 3320 at
756 3273 856 3322 elatrent
873 3273 931 3322 Mra.
953 3273 1023 3324 etiam

152 3333 230 3382 Guelt.
241 3341 265 3384 et
275 3335 326 3383 edd.
339 3351 374 3398 pr.

159 3403 199 3447 *⁹⁸
213 3430 233 3474 q.
250 3428 268 3461 a.
282 3407 431 3462 'tuomum
441 3413 636 3474 irtudmilr'ludol
655 3410 777 3460 Lambinus
786 3411 849 3458 delet
858 3411 1025 3462 inerllctiorrrr

160 3474 204 3519 uod
214 3489 258 3520 nou
270 3473 353 3520 imiter.
391 3473 493 3520 Daritim
501 3473 564 3520 uncia
573 3472 671 3526 inclurit.
688 3475 713 3517 ui
730 3472 841 3531 gloraam5
862 3471 917 3518 dicit
933 3471 1022 3530 Cicero,

144 3483 211 3578 diam
221 3532 375 3588 collationem,
385 3533 513 3594 patrimonii
522 3549 535 3579 a
545 3531 646 3603 patribus
656 3528 728 3576 relicti
738 3534 762 3578 et
772 3531 865 3580 ratiouia
874 3547 889 3578 a
898 3530 948 3580 Dii·
955 3531 1030 3581 datae

148 3588 274 3642 hominium
283 3591 375 3660 probari
384 3605 428 3641 non
438 3605 509 3657 porra,
518 3605 571 3656 qma
580 3587 797 3649 similitudinanulla
812 3589 907 3644 nitatur.

203 3673 219 3708 .
342 3681 344 3685 ,
