2558 4198
461 295 561 354 bruun
575 297 707 350 suiuus.
965 305 1028 370 οη

154 447 231 510 crisis
246 445 359 508 ultimis
372 445 503 522 pertibus
513 446 657 504 definiens
671 450 791 514 notun,
805 429 904 508 curii?
918 462 1031 510 eunucu

154 547 284 608 conticit.
326 547 421 622 Hujus
442 545 462 578 ¹⁴
471 547 547 606 hanc
563 545 763 604 lustrationem
778 546 908 620 ejusdem
929 547 1030 608 incen-

155 663 188 706 se
208 646 297 706 radiis
326 651 475 704 menstruo
496 645 591 720 spatio
618 647 686 702 luno
714 647 848 720 complet.
893 646 1030 724 Quinque

155 750 255 806 eutem
274 746 379 804 stellae
389 746 515 804 eundem
528 747 629 804 orbem
645 751 797 810 tenentes,
816 744 893 802 alise
914 745 1031 820 propius

155 860 175 904 e
189 843 282 913 terris,
302 844 378 904 uliae
400 844 547 914 remotius,
560 846 598 902 ab
612 845 716 902 iisdem
737 843 897 918 principiis,
911 843 1032 918 dispari·

155 943 209 1002 bus
232 945 406 1018 temporibus
429 946 532 1002 cedem
556 944 651 1018 spatie
671 944 841 1003 conficiunt.
882 943 1035 1020 Numquid
1110 953 1112 958 ’

157 1042 228 1107 ule.
253 1041 389 1116 Epicure,
412 1042 535 1104 vidisti?
576 1045 625 1102 Ne
649 1044 687 1100 sit
707 1043 794 1117 igitur
813 1044 867 1108 sol,
888 1059 926 1100 ne
952 1045 1033 1112 lune,

154 1155 193 1200 ue
207 1142 326 1200 stellae:
347 1143 482 1218 quonium
501 1143 575 1202 nihil
592 1159 658 1200 esse
682 1147 787 1214 potest,
806 1141 863 1198 nisi
877 1142 952 1217 quod
966 1140 1032 1200 atti·

155 1237 258 1314 gimus,
283 1245 332 1298 aut
354 1238 492 1298 vidimus.
534 1239 635 1314 Quid?
655 1242 743 1298 deum
757 1241 850 1313 ipsum
866 1258 973 1300 numne
988 1237 1032 1299 vi·

156 1336 250 1400 disti?
270 1355 322 1396 cnr
335 1339 423 1414 igitur
447 1341 541 1398 credis
565 1338 653 1398 esse?
673 1343 809 1398 tollamus
830 1358 900 1415 ergo
922 1339 1031 1410 omniu,

161 1453 236 1512 quoe
249 1444 298 1496 eut
317 1437 437 1496 historia
458 1439 552 1506 nobie,
572 1444 621 1497 eut
642 1440 717 1498 ratio
730 1457 809 1498 nove
822 1439 913 1497 affert.
952 1437 1032 1500 ¹⁵1te

156 1535 201 1604 tit,
215 1542 248 1614 ut
270 1537 477 1599 mediterranei
498 1554 577 1594 mere
604 1555 668 1596 esse
690 1557 749 1598 uon
773 1540 905 1597 credaut.
947 1540 1030 1611 Ques

158 1640 229 1694 sunt
244 1640 342 1694 mutae
361 1636 452 1696 enimi
477 1635 639 1708 angustiae,
652 1643 692 1704 ut,
706 1637 731 1694 si
748 1636 865 1708 Seriphi
890 1641 973 1694 uetus
988 1653 1031 1695 es·

156 1751 216 1804 ses,
231 1751 285 1792 nec
300 1751 435 1810 umquam
448 1751 580 1810 egressus
591 1753 630 1794 ex
644 1735 748 1804 insula,
774 1735 805 1792 in
820 1751 876 1810 que
897 1737 1029 1807 lepuscu-

158 1833 212 1900 los,
229 1835 453 1910 vulpeculasque
481 1851 569 1908 saepe
591 1833 725 1902 vidisses,
739 1851 798 1892 non
819 1833 953 1892 crederes
972 1835 1031 1894 leo·

156 1949 218 2002 uec,
239 1937 270 1989 et
281 1933 439 2006 pantheris
460 1951 536 2004 esse,
550 1950 616 1992 cum
632 1933 694 2002 tibi,
709 1937 808 2008 quoles
830 1938 938 2002 essent,
952 1931 1031 1992 dice·

159 2027 260 2090 retur?
280 2031 392 2094 sivero
406 2033 443 2090 de
458 2035 615 2108 elephanto
627 2033 690 2108 quis
703 2033 826 2103 diceret,
840 2033 929 2092 etiam
943 2033 1031 2093 rideri

155 2135 186 2190 te
206 2128 345 2206 putares?
384 2132 424 2191 ut
439 2138 469 2190 tu
483 2133 611 2208 quidem,
623 2133 732 2200 Vellei,
747 2151 806 2192 non
821 2141 919 2194 vestro
941 2152 1030 2204 more,
1040 2130 1083 2192 32

156 2231 208 2291 sed
222 2229 445 2292 dialecticorum
463 2228 591 2308 ¹⁰(quem
612 2232 741 2292 funditus
755 2251 827 2308 gens
848 2240 947 2292 vestre
970 2251 1031 2293 nou

159 2326 258 2406 novit)
294 2329 457 2404 argumenti
490 2330 667 2390 sententiam
698 2332 884 2392 conclusisti:
921 2335 1030 2393 Beatos

156 2444 222 2484 ase
236 2427 307 2484 deos
318 2425 455 2485 sumsisti.
468 2427 675 2486 concedimus.
717 2430 843 2488 Beatum
856 2437 953 2492 eutem
964 2433 1030 2492 sine

159 2525 269 2583 virtute
284 2523 434 2582 neminem
456 2541 521 2584 csse
536 2541 630 2597 posse.
672 2526 705 2584 ld
728 2545 841 2602 quoque
865 2529 976 2601 demur,
999 2536 1031 2590 ei

159 2623 286 2686 libenter
303 2621 430 2698 quidem.
474 2622 623 2684 Virtutem
642 2631 739 2684 cutem
753 2626 818 2684 sine
833 2627 944 2685 ratione
963 2646 1032 2688 cou-

157 2727 234 2782 stare
259 2739 320 2780 non
344 2738 438 2794 posse.
479 2721 650 2782 Conveniet
664 2723 692 2782 id
707 2742 820 2800 quoque
834 2744 956 2784 necesse
976 2732 1031 2786 est.

158 2821 315 2898 Adjuugis.
331 2822 397 2880 Nec
409 2819 552 2880 rollonem
573 2839 648 2890 esse,
663 2822 720 2881 nisi
734 2824 765 2882 in
788 2824 912 2882 hominis
931 2826 1048 2900 rigum

160 2922 257 2993 Quem
281 2919 336 2980 tibi
360 2921 417 2978 hoc
441 2921 577 2978 dotorum
604 2918 708 2995 putus?
728 2923 752 2978 si
778 2923 857 2981 enim
885 2924 926 2982 itu
945 2929 1032 2993 esset,

159 3019 229 3095 quid
249 3037 321 3094 opus
338 3024 402 3078 erut
416 3025 445 3078 te
466 3020 609 3096 gradatim
629 3019 704 3094 istuc
719 3021 874 3095 pervenire
889 3019 901 3080 l
918 3019 1032 3101 ¹⁷[quid

188 3171 210 3206 ¹⁴
224 3173 281 3220 tour
293 3171 466 3236 locusticum]
498 3173 535 3221 sie
545 3179 607 3221 reete
616 3189 637 3222 e.
649 3175 707 3223 Mu.
719 3175 782 3224 dedit
792 3175 896 3225 Davisius
905 3193 947 3240 pro
956 3177 1032 3239 vulge-

160 3237 186 3282 to
199 3232 379 3290 illustretiuueun
390 3242 415 3280 ut
430 3233 517 3294 plscuit
525 3239 549 3280 et
558 3233 674 3282 Lembino.

189 3312 209 3344 ¹⁵
223 3310 260 3358 ua
271 3311 324 3371 fit]
356 3311 392 3358 Sic
411 3312 458 3360 Mu.
471 3312 545 3360 Gueli.
563 3328 604 3374 pro
614 3315 750 3372 vulgaverit.
762 3314 851 3362 etsliur
866 3315 889 3362 in
909 3329 978 3374 marg.
995 3314 1033 3363 ed.

160 3369 240 3419 numu
253 3377 279 3418 ut
286 3372 332 3418 doc
343 3370 438 3418 Davisii.
470 3373 573 3420 Clericus
583 3373 736 3432 malebntfiel.

191 3449 290 3554 apere?
298 3449 419 3556 Ῑυέάίιω]
437 3451 512 3512 recepi
531 3452 681 3510 conjecturem
691 3451 833 3508 Manutiiet
847 3450 897 3500 eliis
906 3453 1033 3516 probatum,

164 3520 216 3618 wll
230 3523 284 3646 piru
292 3524 368 3636 idion
377 3591 408 3638 erl
416 3588 474 3639 istuc
481 3587 613 3653 mulin]
628 3590 672 3638 hoc
681 3593 716 3639 ert
734 3591 839 3654 tuillium,
857 3605 871 3640 θ
885 3591 983 3654 'Mill‘
997 3605 1034 3642 θ’·
