2548 4208
245 321 311 386 270
500 312 546 365 DE
560 305 701 366 lllwks
718 303 863 366 nsonurs

245 465 381 542 pientur,
395 460 418 522 ii
437 462 511 522 nihil
532 465 670 533 lssbesnt,
689 463 766 539 qnod
788 462 953 538 sequuntur.
993 460 1118 526 Diotnm

246 569 293 624 est
305 563 425 623 omnino
439 564 495 622 lrso
508 565 588 623 dere
600 561 963 638 ¹'uliolosodiligentinst
984 564 1036 621 sed
1050 555 1117 639 quin

245 663 333 724 nimis
360 663 504 722 indoeiles
531 663 658 740 quidum,
682 662 812 736 tardique
835 667 912 730 sunt,
939 661 1117 731 sdmsnendi

245 761 385 822 videntur
404 763 529 837 saepius.
554 762 715 822 nonenim
740 779 836 819 sumus
860 760 892 828 ii,
916 760 1020 837 quihus
1041 761 1115 819 nihil

240 879 348 920 'vemm
362 879 427 921 esse
442 862 583 931 videntur,
603 863 655 920 sed
669 861 701 928 ii,
721 860 771 936 qni
789 859 924 918 omnibus
944 859 1023 918 veris
1044 859 1116 918 lnlss

245 963 387 1038 qusedem
411 953 550 1037 edjunnts
564 979 629 1020 osse
650 960 791 1028 dionmus,
809 964 892 1018 tsnts
915 957 1116 1026 similitudine,

244 1065 277 1118 ut
301 1060 386 1119 iniis
410 1063 489 1118 nulle
507 1059 578 1118 insit
599 1064 681 1118 nerto
698 1059 861 1133 jndioendi,
880 1063 912 1116 et
934 1057 1114 1116 essentiendi

244 1164 324 1218 nots.
345 1178 384 1217 ex
398 1177 456 1234 quo
474 1159 589 1218 exsistit
610 1164 641 1216 et
654 1159 735 1225 illud,
754 1160 845 1216 mults
858 1175 923 1216 esse
936 1155 1114 1232 probabilis:

245 1246 319 1334 quse
343 1275 514 1333 quemquem
537 1275 595 1316 non
628 1246 854 1330 pertineremus
881 1261 989 1322 tumen,
1012 1254 1033 1288 ¹⁷
1045 1255 1114 1329 quis
1188 1265 1190 1270 ·

244 1356 342 1415 slsum
356 1358 496 1415 heberent
518 1357 662 1432 quendum
675 1355 823 1431 insignem
841 1358 873 1412 et
893 1354 1044 1423 illustrem,
1065 1352 1113 1412 tris

243 1455 386 1528 sepientis
401 1456 463 1514 vite
476 1463 629 1531 regeretur.

213 1557 235 1618 6
256 1573 262 1580 ·
286 1555 345 1612 Sed
360 1555 434 1630 jem,
447 1562 477 1613 ul
491 1557 572 1614 omni
596 1571 643 1614 me
665 1553 779 1613 invidia
797 1554 929 1622 liberem,
950 1569 1058 1629 ponem
1080 1551 1113 1611 in

244 1654 343 1714 medio
366 1655 526 1712 sententies
542 1654 777 1728 philosophorum
796 1654 834 1712 ds
857 1658 962 1711 nutura
984 1654 1111 1712 deorum.

244 1771 302 1830 qno
313 1755 430 1829 quidem
444 1756 511 1810 loeo
523 1753 711 1812 oonvoosddi
733 1770 834 1811 omnes
854 1741 1000 1820 uidentur,
1024 1750 1045 1785 ¹⁸
1055 1749 1114 1826 qui,

244 1870 319 1928 quae
333 1853 372 1910 sit
395 1869 493 1910 earum
514 1869 593 1920 vers,
606 1853 753 1926 judicent.
794 1853 874 1910 'l'um
897 1852 1015 1909 demum
1039 1849 1113 1908 milri

244 1967 355 2024 pronsx
365 1951 691 2019 Academisvidebitnn
702 1951 785 2010 sisut
793 1941 995 2010 consenserint
1003 1967 1114 2017 omues,

215 2117 221 2132 ι
245 2048 268 2082 11
276 2054 326 2107 sut
347 2050 402 2106 erit
415 2050 554 2107 inventus
567 2051 680 2124 uliquis,
694 2051 752 2123 qui,
766 2051 834 2126 quid
847 2065 949 2108 verum
962 2049 1010 2117 sit,
1029 2047 1113 2106 inve·

245 2143 331 2208 serit.
386 2147 489 2223 lisque
514 2147 586 2206 milri
613 2149 686 2208 libet
708 2151 886 2218 exolnmure,
911 2147 933 2180 ⁸⁰
946 2153 979 2208 ut
1005 2149 1057 2208 ills
1080 2147 1112 2208 iu

247 2247 452 2323 Synephebis:

303 2402 350 2450 Pro
359 2403 433 2461 defin,
443 2399 583 2465 popularium
593 2404 699 2462 omnium,
714 2405 734 2438 ²¹
742 2404 840 2452 omnium
849 2403 1023 2452 sdolesoentium

247 2480 250 2488 '
304 2481 392 2537 Clamo.
402 2483 498 2544 postulo,
510 2483 609 2540 obsecro,
620 2499 669 2541 oro,
679 2485 752 2544 ploro,
762 2487 830 2544 etque
839 2481 935 2543 imploro
943 2483 1016 2529 tidem.

271 2620 295 2670 ,11
309 2620 425 2681 arram]
458 2620 530 2667 dead.
547 2620 589 2676 tv,
604 2623 640 2667 31.
656 2634 674 2668 s.

274 2701 297 2734 11
312 2700 366 2760 quta
377 2700 452 2748 nisum
462 2699 589 2758 luterentq
608 2698 738 2760 insignem]
759 2698 867 2748 Buherius
876 2697 1052 2758 wirigildum,
1063 2701 1115 2764 quio

244 2759 318 2806 sirum
328 2773 438 2819 nunquam
448 2756 553 2814 signiioet
562 2757 657 2817 speciem
666 2758 726 2803 veri:
743 2759 801 2818 quod
812 2758 886 2804 ‘miror
895 2757 939 2804 dici
955 2773 1020 2818 posse
1037 2759 1067 2805 sb
1075 2774 1112 2818 eo,

244 2818 290 2924 :ululis
297 2818 429 2922 ἒὲαξείηἰίοέ
434 2816 574 2922 gugmtrubl
585 2817 627 2863 lroe
635 2831 703 2878 saepe
712 2817 815 2875 ooeurrit,
825 2821 851 2863 ut
866 2818 953 2864 monuit
962 2817 1031 2864 etism
1044 2819 1113 2866 Davi-

273 2955 295 2988 11
308 2956 347 3015 φη·
361 2955 474 3016 Juds'cenl]
495 2954 508 3000 i
522 2969 543 3002 e.
553 2954 590 3015 qui
598 2955 700 3013 judicare
709 2955 788 3012 velint,
798 2954 835 3000 vel
844 2955 951 3002 audeant.

273 3035 296 3067 11
308 3039 349 3082 ustt
363 3033 406 3080 erit
414 3035 536 3094 inuentus]
569 3034 674 3082 Davisius
682 3034 746 3080 malit
756 3033 842 3090 suerit.
854 3049 899 3082 non
908 3038 943 3080 est
952 3047 1047 3082 neeesse.
1059 3049 1111 3082 nam

244 3093 348 3141 inventus
357 3093 400 3138 erit
409 3097 443 3139 est
451 3093 549 3139 loturum
559 3093 699 3150 conjunctivi,
711 3093 770 3152 quod
778 3098 812 3138 est
823 3095 898 3140 lutum
913 3095 1064 3154 praeteritum.

270 3173 297 3242 '²⁰
312 3177 338 3218 ut
354 3169 438 3218 Statius
454 3171 647 3242 tsi-Synephebis]
678 3171 766 3241 Stultus
777 3171 840 3242 otest
859 3188 873 3218 ι
893 3173 951 3220 Mes.
973 3173 1112 3232 quibusdem,

244 3234 313 3277 elram
329 3231 403 3278 (luell.
424 3231 552 3291 delevitque
569 3231 676 3277 Davisius.
688 3236 711 3275 et
727 3231 767 3276 nlrr
787 3231 840 3278 lrbrr
854 3232 937 3278 hubent
956 3232 1055 3288 Pleutus,
1071 3233 1113 3278 alii

245 3291 365 3360 Terentius
374 3311 382 3359 ι,
394 3290 453 3350 quod
463 3290 569 3342 ostendit,
579 3305 658 3358 nomen
668 3303 716 3334 esse
725 3303 738 3333 a
748 3289 877 3346 glossatore.
909 3291 1015 3360 Ceterum
1026 3291 1112 3360 Statius

243 3355 395 3512 ἓξὲξΐὲῗῑῗξ
404 3348 1113 3456 illlis'‘til‘’tt‘rilillllsllillilliiltllt

260 3481 307 3512 ιιι.

275 3545 296 3577 ²¹
310 3546 411 3592 omnium
420 3546 521 3607 adolere]
538 3543 616 3605 repetii
627 3543 727 3592 omnium
736 3559 786 3592 rum
798 3543 899 3605 Davisio,
909 3550 935 3594 ut
944 3545 1030 3607 placuit
1042 3544 1111 3593 etism

245 3599 312 3650 Mu.
323 3609 347 3649 et
356 3603 478 3652 Gulielmio
487 3607 516 3652 nd
526 3606 658 3666 explendum
668 3619 762 3652 versum.
