2552 4208
471 335 569 388 blm
584 331 762 382 saeuientis.
819 337 823 348 '
1013 334 1055 394 99

182 487 313 548 ⁷⁵aratura
328 483 480 562 patiatur?
520 486 576 544 llla
592 499 662 542 vero
676 499 734 540 uon
759 481 845 538 modo
868 478 984 554 patitur,
1005 495 1055 536 ve·

182 605 244 646 rum
260 589 350 646 etiam
376 585 511 658 postulat.
536 583 609 642 nihii
636 581 716 640 euim
740 582 829 638 hahet
853 578 1055 654 praestantius,

183 688 268 754 nihil,
295 686 373 762 quod
399 682 490 758 magia
518 686 648 755 expetat,
676 698 761 756 quam
782 681 945 746 honestum,
968 695 1054 754 quarn

184 787 311 851 laudem,
331 800 417 858 quam
441 781 624 858 dignitatem,
637 797 723 855 quam
743 781 843 838 decue.
885 777 977 838 Hisce
998 795 1055 852 ego

181 885 312 960 pluribus
328 881 492 940 homiuibus
513 898 600 938 unam
625 897 685 936 rem
706 877 849 937 declarari
873 879 952 945 volo,
971 875 1055 934 ⁷⁰aed

182 989 256 1050 utar,
270 986 300 1040 ut
314 999 399 1057 quam
419 981 548 1038 maxime
573 979 747 1052 riguiheem,
761 977 898 1051 pluribus.
914 977 983 1033 volo
1006 991 1054 1032 au·

180 1087 241 1139 tem
255 1081 362 1148 dicere,
386 1081 459 1137 illud
485 1078 597 1136 homini
621 1079 707 1151 longe
727 1075 868 1150 optimum
890 1092 964 1140 esee,
977 1075 1053 1148 quod

183 1181 278 1254 ipsum
303 1181 341 1237 eit
355 1180 514 1252 optandum
539 1195 590 1250 per
604 1193 677 1243 ee‚a
692 1176 798 1232 virtute
814 1174 983 1247 proiectum,
1004 1173 1053 1228 vet

178 1281 209 1338 in
225 1281 289 1353 ipsa
303 1279 411 1336 virtute
425 1278 522 1342 situm,
534 1293 586 1332 sua
600 1281 703 1348 arrunte
715 1272 862 1331 laudabile
876 1294 883 1330 r
904 1273 980 1348 quod
994 1271 1053 1348 qui·

179 1382 247 1438 dem
272 1379 360 1436 eitiue
384 1376 511 1434 dixerim
537 1377 640 1442 solum,
664 1391 749 1448 quarn
774 1389 990 1430 nonsummum
1005 1375 1053 1429 bo·

180 1494 259 1536 num.
304 1479 412 1549 Atque,
427 1481 457 1532 ut
483 1476 555 1532 haee
569 1475 606 1530 de
621 1474 753 1538 honesto,
773 1471 817 1530 aie
831 1473 867 1528 de
889 1472 963 1544 turpi
984 1489 1052 1530 corr·

181 1574 278 1632 traria.
302 1575 376 1630 nihil
401 1583 459 1630 tum
484 1579 618 1641 taetrum,
642 1573 715 1630 nihil
744 1577 804 1630 tam
830 1572 1052 1646 aspernandum,

182 1673 258 1734 nihil
273 1673 390 1730 homine
404 1661 562 1746 indignius}
597 1733 604 1742 ,

107 1779 110 1784 ’
221 1773 305 1846 Quod
317 1773 341 1830 ei
358 1773 409 1830 tibi
425 1789 590 1846 persuasum
605 1776 666 1828 eet:
681 1769 918 1844 Principioenim
932 1767 1046 1836 dixisti,

176 1873 242 1947 plus
257 1873 287 1930 in
313 1873 456 1930 dedecore
478 1873 547 1930 mali
570 1871 623 1928 tibi
645 1870 748 1938 videri,
771 1889 857 1946 quam
879 1871 908 1926 in
933 1871 1050 1926 dolore:

176 1973 320 2046 reliquum
348 1979 402 2038 eat,
427 1978 457 2029 ut
480 1976 541 2028 tute
562 1971 615 2026 tihi
640 1969 773 2042 imperes.
800 1986 972 2044 quamquam
994 1969 1051 2026 hou

174 2071 288 2139 neseio,
301 2089 358 2145 quo
379 2071 465 2128 modo
488 2070 613 2136 dieatur,
626 2069 707 2142 quari
729 2071 786 2126 duo
810 2070 908 2136 simus,
922 2073 954 2125 ut
977 2069 1052 2125 alter

172 2173 308 2244 imperet,
325 2171 400 2228 alter
414 2174 532 2242 pareat:
554 2185 612 2224 non
627 2168 738 2234 inseite,
757 2172 854 2226 tamen
876 2169 991 2225 dieitur.
1005 2171 1050 2224 eet

174 2273 255 2329 enim
265 2269 378 2326 animus
389 2268 420 2325 in
430 2271 525 2340 partes
538 2267 659 2324 tributus
669 2269 754 2324 dum:
767 2287 884 2342 quarum
896 2271 996 2332 altera,
1007 2285 1049 2323 ra·
1061 2263 1098 2322 21

174 2369 265 2426 tionis
282 2373 326 2422 eet
351 2366 505 2438 particeps,
520 2369 611 2434 altera
626 2383 738 2440 expers.
753 2384 820 2423 uum
839 2367 927 2441 igitur
940 2366 1049 2440 praeei-

174 2465 264 2536 pitur,
283 2461 304 2493 ⁷⁷
320 2468 350 2518 ut
365 2463 566 2536 nobismetipsi
588 2465 772 2535 imperemus,
787 2465 842 2522 hoe
865 2466 1049 2540 praecipitur,

175 2564 209 2617 ul
233 2557 308 2614 ratio
330 2557 466 2617 coereeat
487 2563 688 2620 temeritatem.
731 2563 785 2619 Eat
807 2563 838 2620 in
862 2565 968 2622 animis
990 2582 1050 2622 om·

174 2655 258 2716 nium
273 2654 332 2711 lere
348 2663 449 2715 natura
471 2661 557 2716 molle
577 2660 723 2733 quiddam,
745 2662 914 2735 demissum,
929 2662 1048 2729 humile,

175 2765 349 2820 enervatum
369 2761 589 2834 quodammodo,
612 2770 642 2820 et
665 2762 874 2838 ”languidum
896 2763 998 2821 senile.
1023 2766 1048 2823 ei

173 2861 249 2920 nihil
260 2859 355 2917 aliud:
379 2859 451 2916 nihil
467 2859 543 2914 es'eet
559 2859 676 2918 homine
690 2861 854 2918 deformiur.
868 2864 920 2918 aed
935 2868 1049 2935 praesto

176 2964 222 3018 eet
242 2957 360 3016 domiue
381 2957 520 3025 omnium,
542 2964 573 3013 et
596 2959 697 3032 regina
717 2960 799 3026 ratio,
821 2979 895 3036 quae
919 2961 1048 3020 connixa

176 3075 227 3132 per
241 3075 282 3124 se,
296 3062 327 3114 et
341 3073 489 3132 progressa
515 3057 637 3132 lougius,
652 3058 683 3116 fit
707 3060 836 3134 perlecta
850 3061 950 3118 virtus.
973 3061 1046 3120 haee

201 3211 224 3246 ⁷⁵
239 3216 322 3259 nutura
330 3211 440 3273 patiatur]
458 3213 532 3259 delevi
548 3227 601 3269 nun,
621 3216 681 3276 quod
693 3215 715 3262 iu
724 3215 822 3273 vulgaria
831 3223 872 3275 ert,
884 3221 961 3264 eontra
972 3215 1046 3264 latini·

172 3275 250 3318 tatem.
262 3285 373 3328 ueremur,
384 3275 410 3318 ut
419 3271 457 3318 luc
467 3278 549 3320 uatum
562 3275 663 3332 nudatur
673 3281 758 3322 reetum
768 3283 809 3322 eet.

179 3345 184 3357 ¹
203 3349 226 3382 ⁷⁸
240 3350 278 3396 aad
287 3350 348 3411 utar]
367 3364 406 3395 eur
413 3353 485 3398 utari
500 3352 555 3399 satir
564 3359 599 3399 eat
607 3357 659 3401 utor
669 3373 675 3401 :
691 3369 742 3400 nam
750 3354 796 3412 jam
806 3355 892 3402 dixerat
902 3355 974 3416 plura.

199 3427 223 3462 ⁷⁷
238 3429 422 3499 uturuht'rmeh'pri
439 3430 581 3493 imperemus]
603 3431 635 3479 rie
646 3433 746 3480 latinitat
765 3435 879 3496 postulat:
907 3440 931 3482 et
941 3439 994 3482 aule
1010 3439 1045 3484 erl

172 3491 220 3534 tute
231 3489 271 3534 teir
280 3503 382 3545 imperes.
415 3489 440 3534 ln
450 3490 544 3548 vulgati·
554 3492 612 3538 male
622 3497 656 3538 eat
666 3493 831 3550 nobismetipsis.

201 3565 223 3598 π
240 3566 382 3622 languidum,
406 3567 492 3628 remila]
542 3567 617 3615 Seuile
636 3569 699 3616 abeat
719 3571 781 3618 iibrie
808 3572 946 3632 quibusdam,
967 3579 990 3620 et
1009 3577 1046 3621 ert

171 3638 225 3672 mue
236 3639 314 3686 parum
324 3625 471 3674 eommodum.
484 3625 582 3674 arbitror
592 3627 647 3676 bene
657 3629 755 3677 deletum
766 3643 836 3680 cauea
853 3632 954 3680 Daviaio.
