2552 4208
448 307 548 360 mssa
561 301 724 364 Quantus.
796 349 799 356 ⁴
971 317 1030 378 131

162 456 316 532 pestiferae
336 461 414 518 runt.
435 456 522 534 igitm
541 458 632 518 etiam
656 461 820 534 susceptae,
839 456 980 518 contiuuo
1000 457 1034 518 iu

67 593 71 610 ι
165 574 271 634 magns
295 560 385 633 pestis
408 565 488 632 parte
517 564 677 616 versantur.
692 557 801 616 etenim
822 556 902 632 ipsae
922 576 954 614 se
981 556 1034 638 ins·

163 660 286 732 pellunt,
298 658 350 716 ubi
362 660 454 714 semel
479 659 623 716 aratione
647 658 805 716 discessum
825 665 891 716 est:
911 658 1032 732 ipsaque

160 755 218 814 sibi
246 754 432 814 imbecillitas
459 757 600 830 indulget,
627 755 659 814 in
686 759 832 832 altumque
860 756 1032 830 provehitur

161 854 337 927 imprudens,
361 874 416 914 nec
445 856 551 930 reperit
578 859 675 914 locum
695 855 885 914 consistendi.
917 873 1032 930 quamo-

160 954 242 1012 brem
257 953 330 1012 nihil
344 954 474 1023 interest,
496 961 590 1012 utrum
612 956 774 1012 moderatas
802 955 1033 1029 perturbationes
1085 972 1090 982 ·

161 1055 330 1126 approbent,
344 1071 381 1112 an
403 1057 580 1112 moderatam
594 1053 777 1127 injustitiam,
791 1053 968 1109 moderatam
991 1053 1033 1126 ig·

159 1152 289 1220 naviam,
302 1155 479 1210 moderatam
503 1151 765 1225 intemperantiam.
779 1152 828 1227 qui
849 1150 928 1206 enim
950 1149 1031 1208 vitiis

158 1255 276 1314 modum
301 1255 431 1328 apponit,
458 1253 483 1309 is
505 1261 615 1326 partem
637 1248 760 1325 suscipit
783 1250 926 1308 vitiorum.
955 1251 1032 1326 quod

158 1370 226 1412 cunr
240 1353 335 1428 ipsrnn
351 1370 401 1426 per
412 1369 446 1408 se
461 1351 591 1409 odiosum
602 1358 656 1419 est,
670 1358 729 1408 tum
741 1368 777 1407 eo
791 1350 948 1417 molestius,
963 1350 1031 1424 quia

157 1453 272 1510 suntin
287 1452 408 1518 lubrico,
432 1449 610 1523 incitataque
634 1453 724 1507 semel
744 1449 763 1480 ⁸¹
775 1451 906 1524 proclive
930 1452 1030 1507 labun-

106 1576 109 1598 τ
158 1554 213 1615 bu,
226 1550 418 1624 sustinerique
439 1550 520 1606 nullo
544 1549 630 1604 modo
651 1554 779 1621 possunt.
822 1545 923 1620 Quid?
953 1527 1082 1622 qa0t¹9

157 1647 247 1708 iidem
262 1645 451 1722 Peripatetici
465 1646 695 1722 perturbationes
709 1645 789 1712 istas,
811 1663 881 1720 quas
907 1663 959 1702 uos
979 1664 1030 1704 en-

158 1748 321 1822 stirpandas
336 1753 477 1822 putamus,
491 1765 551 1804 uon
566 1747 651 1804 morlo
674 1746 819 1804 naturales
840 1762 904 1801 esse
918 1744 1029 1814 dicunt,

156 1847 311 1906 sedetiam
326 1846 436 1904 utiliter
456 1864 477 1903 a
501 1851 603 1903 aalma
627 1842 736 1928 datas?
756 1862 875 1918 quorum
896 1851 940 1901 est
962 1844 1028 1902 talis

154 1947 258 2006 oratio.
300 1945 433 2006 Primum·
452 1946 549 2005 multis
572 1945 668 2002 verbis
689 1944 867 2002 iracundiam
889 1945 1025 2002 laudaut:

153 2051 251 2120 octena
290 2046 467 2105 fortitudinis
501 2063 564 2102 esse
596 2044 719 2114 dicunt3
755 2047 901 2118 multoque
933 2048 964 2100 et
992 2043 1044 2126 ³¹¹,

107 2211 109 2213 ,
153 2146 276 2216 bostem,
316 2153 350 2204 et
383 2146 414 2204 ia
455 2145 616 2220 improbum
655 2131 762 2202 civem'
788 2143 1025 2200 velremeutiores
1081 2151 1089 2170 ¹

152 2245 289 2306 iratorum
308 2247 448 2320 impetus
485 2263 568 2303 esse:
610 2246 692 2301 leves
727 2249 824 2300 aulem
849 2242 1024 2300 ratiunculas

153 2361 261 2412 eorum,
290 2343 372 2420 “qui
391 2345 433 2402 ita
465 2345 647 2418 cogitarent;
667 2342 808 2416 proelium
840 2350 950 2398 rectum
979 2351 1025 2399 est

153 2443 210 2502 hoe
225 2443 302 2500 lieri:
323 2442 465 2500 convenit
486 2441 692 2512 diunicare‘pro
714 2441 834 2514 legibus,
857 2457 909 2512 pro
938 2440 1024 2498 liber·

153 2544 224 2608 tate,
239 2557 290 2613 pro
303 2539 404 2615 patria.
417 2541 492 2596 lraec
511 2537 652 2597 ”nullam
675 2539 784 2595 habent
805 2539 876 2604 vim,
899 2538 956 2596 nisi
981 2541 1024 2598 ira

153 2637 313 2698 excanduit
338 2638 484 2696 tortitudo.
499 2655 556 2696 uec
581 2655 651 2696 vero
664 2638 700 2694 de
717 2637 902 2696 bellatoribus
929 2640 1023 2696 solum

151 2737 311 2812 disputant.
325 2736 447 2810 imperia
467 2735 613 2796 severiora
639 2737 721 2796 nulla
742 2753 806 2792 esse
828 2742 929 2808 putant
957 2736 1021 2794 sine

151 2839 248 2913 aliqua
262 2836 420 2896 acerbitate
442 2835 630 2892 iracundiae:
651 2839 793 2890 oratorem
814 2833 939 2909 denique
961 2853 1021 2892 non

150 2937 238 2996 modo
251 2941 447 3004 accusantem,
461 2936 514 2992 sed
536 2951 574 2990 ne
594 2933 801 2990 defendentem
826 2933 941 3007 quidem
958 2951 1020 3007 pro·

149 3037 221 3096 bant
235 3035 299 3092 siue
313 3033 423 3092 aculeis
436 3033 616 3092 iracundiae.
631 3050 704 3107 quae
719 3013 810 3089 etiam
824 3033 849 3089 si
862 3049 920 3090 non
934 3033 1019 3101 adsit,

148 3139 248 3198 tumen
262 3133 369 3202 verbis,
383 3140 468 3210 atque
480 3138 560 3194 motu
573 3131 767 3192 simulandam
790 3133 972 3218 arbitrantur,
986 3137 1018 3190 ut

176 3295 197 3329 ⁸¹
209 3297 316 3358 procliue]
335 3297 424 3359 qnidam
435 3297 494 3345 Mas.
504 3296 605 3355 procliui.
618 3295 649 3343 nil
660 3295 742 3342 dillert.
754 3309 775 3342 v.
787 3293 853 3342 Clas.

176 3375 201 3407 θ’
214 3375 254 3436 qui
263 3376 296 3424 itu
305 3376 444 3438 cogitarent]
476 3377 605 3436 legendum
614 3376 716 3434 cogitent.

177 3453 200 3486 ⁸³
213 3457 303 3502 aalma
321 3455 368 3502 cim
381 3455 478 3516 tutent]
511 3453 614 3502 Davisim
625 3455 720 3501 elidite
731 3453 1015 3514 Beritlejieorrectionelnr·

144 3513 343 3620 mamam
352 3529 366 3561 a
377 3514 483 3576 superiori
493 3514 578 3561 dicunt.
591 3529 634 3561 nou
644 3514 710 3561 male.
719 3515 756 3562 sed
765 3515 828 3563 itaet
836 3521 888 3576 post
897 3515 1014 3576 legendum

187 3651 255 3694 von
270 3653 321 3694 nr.
542 3637 579 3691 lu
