2552 4208
488 291 588 342 moun
602 286 779 340 snnnnnus.
818 313 821 322 ·
1003 292 1060 354 llil

192 455 270 508 nem,
298 457 448 498 smenon
474 439 721 499 contemnendum
748 437 923 514 magistrum.
967 437 1065 512 Atque

193 535 245 596 ille
259 556 317 596 noo
333 539 522 598 immoderate
536 554 643 614 magno
656 537 688 596 in
702 540 811 608 dolore,

252 689 371 748 Maso,
382 695 464 746 tenete,
474 690 603 754 opprimite,

252 769 324 818 litem
334 770 426 818 undele.
446 772 491 820 lien
499 771 602 820 moenum
612 771 662 821 mel
682 770 804 820 eserodor.

192 908 306 984 Incipit
319 913 396 970 lobi:
411 911 517 970 deiude
532 913 614 971 illico
628 912 747 980 desinit,

257 1067 360 1128 operite,
370 1067 492 1126 oboedite,
507 1068 600 1126 janium
610 1067 704 1116 mittite.

252 1151 314 1200 Nem
324 1154 453 1206 attrectato,
463 1153 487 1196 st
496 1162 575 1218 qmssu
585 1163 680 1196 suevum
690 1145 832 1210 emplidestis
841 1145 954 1194 doloroso.
1007 1195 1010 1202 ‚

192 1291 337 1359 Videsne,
365 1295 397 1347 ut
417 1287 592 1346 obmutuerit
620 1306 679 1345 non
710 1287 827 1345 sedatus
853 1287 991 1362 corporis,
1015 1287 1069 1346 sed

192 1393 351 1466 castigatus
375 1389 466 1448 enimi
490 1383 595 1445 dolor?
622 1387 720 1461 itaque
735 1387 765 1444 in
789 1388 928 1446 extremis
951 1387 1064 1462 Niptris

193 1491 264 1549 sitos
279 1507 392 1566 quoque
405 1487 547 1561 objurget,
562 1486 649 1561 idque
664 1485 801 1555 moriens,

245 1643 357 1708 Conqueri
368 1643 480 1690 fortunam
491 1640 617 1694 adversam,
629 1654 673 1686 non
684 1639 803 1688 lamentari
816 1640 889 1686 deest.

252 1725 279 1771 ld
290 1724 331 1770 viri
343 1729 377 1770 est
386 1722 494 1769 officium:
511 1721 575 1767 fletus
587 1718 788 1778 muliebrijngenio
799 1718 897 1766 additur.

198 1865 297 1941 Huius
310 1863 401 1924 enimi
415 1881 480 1936 pers
499 1862 550 1920 ille
574 1861 690 1920 mollior
711 1861 816 1920 rutioni
839 1861 883 1920 sio
910 1859 1015 1936 penui,
1039 1854 1072 1920 ιιι

191 1983 297 2022 severo
315 1963 484 2037 imperatori
498 1963 582 2020 miles
596 1964 716 2036 pudens.
757 1960 777 1993 ⁸⁴
791 1961 826 2020 ln
850 1979 908 2038 quo
921 1977 992 2020 vero
1005 1961 1061 2020 erit
1080 1955 1124 2012 22

191 2065 320 2139 perfecte
335 2063 479 2137 sapientie
493 2059 592 2140 (quem
606 2063 702 2120 sonno
715 2079 766 2120 nos
780 2063 895 2138 quidem
909 2060 930 2094 ⁸⁵
940 2061 1065 2120 vidimus

192 2164 357 2222 neminem:
379 2164 430 2220 sed
445 2163 681 2236 philosophorum
701 2161 865 2229 sententiis,
880 2162 973 2236 qualis
993 2161 1067 2218 iutu-

193 2280 240 2318 rus
254 2263 302 2329 sit,
316 2263 341 2318 si
355 2263 442 2318 modo
455 2261 611 2334 aliquando
632 2261 729 2328 iueril,
743 2259 913 2338 exponitur)
931 2261 957 2318 is
972 2259 1068 2335 igilur,

195 2361 221 2415 si
234 2377 270 2415 en
290 2359 373 2425 rotie,
387 2376 461 2432 quse
475 2360 531 2432 erit
553 2359 584 2415 in
600 2375 636 2414 eo
657 2359 794 2430 perlecto,
819 2366 905 2434 etque
926 2362 1068 2425 obsolute,

195 2456 239 2510 sie
254 2455 298 2512 illi
315 2456 389 2526 perti
411 2455 564 2526 imperabit
578 2455 716 2524 interiori,
731 2463 760 2514 ul
776 2457 872 2527 justus
888 2477 991 2531 parens
1006 2475 1068 2532 pro·

196 2552 240 2607 bis
266 2551 349 2628 tillis5
377 2557 458 2618 nutu,
478 2554 554 2625 quod
576 2555 665 2619 volet,
689 2555 837 2622 oonlioiet,
857 2558 936 2612 nulla
961 2544 1073 2622 tunore,

197 2651 278 2708 nulle
293 2651 446 2708 molestie:
467 2649 560 2723 eriget
573 2650 636 2723 ipse
650 2667 692 2718 se,
716 2651 737 2684 ⁸⁸
750 2653 912 2719 suscitabit,
936 2653 1070 2718 insinuet,

194 2749 328 2816 armabit,
342 2754 385 2816 ut,
400 2753 544 2822 tamqnam
568 2748 653 2816 hosti,
667 2750 710 2808 sie
730 2750 851 2806 obsistat
872 2751 973 2808 dolori.
995 2769 1069 2825 quse

196 2855 263 2908 suut
292 2849 348 2906 iste
372 2843 476 2904 erma?
509 2847 671 2917 eontentio,
698 2849 889 2916 confirmatio,
919 2867 1069 2925 sermoque

195 2947 326 3017 intimus,
339 2963 406 3006 oum
420 2944 483 3020 ipse
495 2963 604 3014 seeum,
630 2949 713 3006 Cave
730 2954 811 3020 turpe
824 2948 989 3025 quidquam,
1010 2954 1070 3009 len-

224 3102 245 3135 Μ
261 3101 291 3150 Iu
301 3119 342 3164 quie
353 3102 413 3163 uero]
439 3100 477 3155 sic,
488 3116 532 3149 nou
543 3103 591 3149 viro
601 3103 727 3164 legendum,
744 3104 791 3164 jum
809 3103 850 3152 elii
860 3105 944 3154 ridere.
956 3120 997 3154 nee
1012 3105 1068 3168 quis

196 3177 271 3223 quern,
281 3165 369 3224 opinor,
384 3161 503 3208 dubitabit.

225 3241 371 3303 lietduinus]
390 3241 426 3287 liic
446 3255 533 3304 quoque
556 3243 633 3305 putavi
644 3244 762 3304 legendum
778 3243 884 3302 uidimus,
895 3249 919 3292 et
937 3246 967 3292 rie
978 3245 1029 3292 dein
1046 3247 1069 3294 ie

196 3301 243 3348 Ms.
253 3300 328 3348 Gueli.
342 3301 422 3362 reperi.

225 3377 246 3410 ³⁶
262 3379 396 3440 ruricium]
429 3378 466 3426 stc
476 3380 527 3427 edd.
540 3396 572 3442 pr.
584 3381 697 3430 Victorius
707 3383 760 3430 fruit
771 3384 923 3442 suscitabitur,
935 3399 1068 3446 qrremqonur

196 3435 227 3482 sie
237 3443 260 3484 el
270 3439 338 3484 Juuta
349 3437 420 3485 edidit
437 3445 460 3484 rt
478 3449 511 3486 eu
522 3439 543 3487 iu
555 3441 600 3487 Me.
614 3441 688 3490 Gurli.
709 3459 752 3490 nou
767 3443 830 3491 berre,
843 3459 892 3490 usur
904 3443 925 3490 in
939 3447 979 3491 hue
991 3443 1068 3502 verbis,

196 3505 220 3543 ut
227 3498 248 3542 io
257 3497 407 3559 sequentibus,
415 3498 513 3558 intelligi
525 3499 591 3548 dubet
601 3515 622 3548 se
631 3517 635 3539 ··
645 3503 700 3550 alias
707 3503 863 3552 dissimilitudo
873 3507 980 3553 orationis
989 3499 1068 3554 oriiur.

235 3595 305 3638 von.
328 3597 379 3638 xv.
638 3581 684 3640 o*
