2558 4198
487 360 734 413 aramrmuus.
987 365 1049 430 ³21

181 511 397 588 »stocbinga
421 511 463 574 aa
482 510 743 586 aequilibritatem:
763 510 807 571 sic
820 511 900 570 euim
920 533 1055 590 meopte»,

181 614 207 674 si
233 616 340 686 placet,
364 613 562 685 appellemus:
583 618 613 670 ct
644 611 696 680 ais,
724 611 861 687 quoniam
892 613 1054 672 situatum

182 713 323 778 mortalis,
355 711 548 770 immortalem
580 712 670 771 etiam
704 730 769 770 esse
806 718 949 786 oportere.
991 714 1055 772 Isto

182 815 279 888 morlo,
299 810 435 886 quoniam
459 811 592 870 homines
620 815 757 872 mortales
781 817 858 881 sunt,
877 811 937 870 sint
964 809 1055 887 aliqui

181 887 381 984 immortales:
402 916 434 968 et
466 911 602 984 quonism
634 919 792 970 nascuntur
824 911 857 970 in
884 916 970 978 terra,
989 928 1056 970 uas·

178 1017 286 1075 eantur
304 1017 335 1069 et
354 1011 387 1070 in
406 1030 496 1087 aqua:
531 1019 563 1071 et
595 1013 663 1090 quia
683 1019 760 1081 sunt,
780 1029 854 1088 quae
874 1010 1055 1082 interimant,

182 1111 251 1177 sint,
272 1129 345 1186 quae
372 1118 559 1184 conservent.
616 1111 683 1172 Sint
707 1129 797 1170 sane:
832 1113 884 1168 sed
913 1128 950 1170 ea
981 1127 1055 1186 quae

182 1218 370 1278 conservent,
396 1229 470 1284 quae
497 1217 573 1270 sunt.
624 1213 705 1270 Deos
726 1211 798 1268 istos
818 1227 884 1268 esse
910 1228 970 1268 non
990 1229 1057 1268 een·
1139 1232 1142 1240 ¹

182 1309 234 1369 tio.
277 1309 381 1368 Omnis
415 1317 513 1370 tamen
547 1311 605 1369 ista
628 1329 722 1370 rerum
747 1310 857 1386 effigies
882 1328 921 1368 ex
948 1309 1057 1368 indivi-

182 1408 247 1468 duis
267 1427 324 1484 quo
339 1409 426 1467 morlo
446 1409 613 1482 corporibus
636 1407 752 1470 oritur?
772 1428 846 1486 quae
860 1410 949 1468 eliam
973 1409 1000 1466 ei
1013 1425 1057 1466 es·

183 1515 259 1576 seut,
279 1527 353 1583 quae
375 1510 455 1566 nulla
469 1512 555 1578 sunt;
576 1511 683 1582 pellere
698 1528 729 1566 se
743 1511 807 1582 ipsa
820 1515 850 1568 et
866 1508 970 1584 agitari
980 1508 1059 1566 inter

182 1625 216 1664 se
230 1624 372 1666 concursu
386 1607 506 1665 fortasse
526 1613 663 1681 possent:
685 1608 818 1675 formare,
830 1608 962 1682 figurare,
980 1608 1058 1664 colo·

184 1724 257 1774 rare,
271 1707 401 1766 animare
423 1725 482 1766 aon
507 1712 635 1780 possent.
677 1707 769 1789 Nullo
789 1697 877 1782 igilur
897 1705 1059 1764 modo'im·

183 1809 336 1869 mortalem
351 1809 437 1866 (lcum
460 1806 586 1866 efficitis.
629 1806 791 1864 Videamus
811 1823 889 1863 nunc
910 1807 947 1863 de
961 1806 1111 1866 heatoto
1227 1861 1230 1868 t

185 1907 259 1966 Sine
275 1906 381 1966 virtute
396 1911 477 1966 certe
492 1908 574 1964 nullo
588 1907 682 1963 modo.
699 1905 789 1963 virtus
806 1911 903 1964 autem
917 1911 1059 1963 actuosae

183 2012 215 2066 et
227 2008 299 2066 deus
326 2011 425 2064 uester
452 2006 525 2064 nihil
554 2022 663 2080 agens:
684 1999 789 2078 expers
813 2005 930 2063 virtutis
954 2005 1059 2080 igitur:

182 2105 233 2175 ita,
254 2126 292 2165 ne
311 2109 411 2164 beatem
426 2105 553 2179 quidem.
596 2104 680 2176 Quae
694 2122 763 2180 ergo
778 2101 863 2162 vitai
886 2103 1059 2178 Suppedita-

183 2205 234 2274 tio,
267 2207 373 2281 inquis,
407 2209 556 2272 bonorum‚
589 2207 670 2263 nullo
704 2208 845 2263 malcrum
879 2204 1058 2262 interventu.

185 2307 314 2378 Quorum
329 2307 446 2365 tandem
462 2302 628 2360 bonorum?
651 2306 839 2376 voluptatum.
855 2305 958 2361 credo:
980 2317 1059 2360 nem·

184 2421 222 2476 pe
250 2405 287 2460 ad
314 2419 417 2474 corpus
439 2401 655 2474 pertinentium.
684 2404 794 2458 nullam
818 2403 897 2458 enim
924 2400 1059 2470 novistis,

184 2499 242 2558 uiei
268 2500 426 2572 prolectam
446 2517 463 2556 a
492 2515 622 2572 corpore,
647 2503 677 2554 et
702 2500 870 2575 redeuntem
895 2501 931 2556 ari
946 2518 1059 2571 corpus,

186 2595 277 2658 animi
298 2597 486 2669 voluptatem.
531 2595 599 2652 Non
614 2594 735 2650 arbitror
750 2601 788 2662 le,
803 2594 914 2662 Vellei,
932 2594 1060 2654 similem
1079 2637 1081 2642 ,

185 2713 249 2754 esse
277 2695 488 2768 Epicureorum
514 2694 705 2767 reliquorum:
726 2711 797 2768 quos
826 2695 933 2766 pudeat
959 2711 1059 2753 earum

185 2794 306 2869 Epicuri
333 2812 448 2861 vocum,
461 2793 564 2868 quibus
578 2794 628 2850 ille
641 2797 770 2859 testetur,
785 2811 816 2848 se
831 2811 868 2850 ne
892 2792 1058 2866 intelligere

185 2895 302 2970 quidem
326 2897 416 2951 ullum
434 2895 549 2959 bonum,
563 2892 638 2966 quod
654 2891 690 2948 eil
713 2893 905 2964 sejunctuma
925 2892 1060 2952 delicatis

184 2998 215 3054 ct
229 2994 383 3052 obscoenis
401 2992 614 3066 voluptatibus:
637 3009 706 3066 quas
720 2993 837 3066 quidem
865 3009 924 3050 nou
946 2993 1060 3050 erubes-

185 3111 267 3162 cens,
298 3095 476 3168 persequitur
500 3110 601 3151 omnes
622 3092 804 3150 nominatim.
846 3092 942 3164 Quem
962 3092 1060 3152 cibum

185 3193 282 3270 igitur,
296 3199 345 3250 aut
367 3211 436 3269 quas
461 3194 602 3267 potiones,
617 3199 665 3250 aut
685 3210 756 3268 quas
779 3209 894 3259 vocum,
909 3198 959 3248 aut
984 3193 1061 3250 colo·

186 3312 249 3358 rum
267 3293 433 3361 varietates,
448 3303 496 3351 aut
511 3311 581 3368 quoe
606 3297 710 3359 tactus,
724 3310 795 3366 quos
818 3293 921 3350 odores
942 3291 1061 3350 adbibe-

185 3393 231 3452 bis
245 3395 282 3452 ad
307 3395 387 3461 deos,
408 3400 440 3451 ut
462 3411 513 3451 eos
538 3371 691 3466 perluualas
715 3387 937 3464 voluptatibus?
979 3386 1060 3450 ”Aa

186 3492 292 3568 poiitae
306 3494 433 3569 quidem,
449 3499 557 3560 nectar,
571 3492 754 3561 ambrosiam,
769 3493 869 3566 epulas
880 3493 1061 3569 comparant,

216 3646 240 3681 ³⁰
254 3649 285 3694 Al
292 3648 483 3710 potissmium]
514 3646 659 3699 saliacum
673 3649 721 3702 Aer
