<?xml version="1.0" encoding="UTF-8"?>
<!DOCTYPE html PUBLIC "-//W3C//DTD XHTML 1.0 Transitional//EN"
    "http://www.w3.org/TR/xhtml1/DTD/xhtml1-transitional.dtd">
<html xmlns="http://www.w3.org/1999/xhtml" xml:lang="en" lang="en">
 <head>
  <title>
</title>
<meta http-equiv="Content-Type" content="text/html;charset=utf-8" />
  <meta name='ocr-system' content='tesseract 3.04.00' />
  <meta name='ocr-capabilities' content='ocr_page ocr_carea ocr_par ocr_line ocrx_word'/>
</head>
<body>
  <div class='ocr_page' id='page_1' title='image "./mtvlliiciceroni11cicegoog/mtvlliiciceroni11cicegoog_0370.png"; bbox 0 0 2326 4066; ppageno 0'>
   <div class='ocr_carea' id='block_1_1' title="bbox 431 290 1003 405">
    <p class='ocr_par' dir='ltr' id='par_1_1' title="bbox 431 290 1003 405">
     <span class='ocr_line' id='line_1_1' title="bbox 431 290 1003 405; baseline 0.021 -22"><span class='ocrx_word' id='word_1_1' title='bbox 431 334 532 384; x_wconf 73' lang='lat' dir='ltr'><strong>utana</strong></span> <span class='ocrx_word' id='word_1_2' title='bbox 546 290 722 384; x_wconf 67' lang='lat' dir='ltr'><strong>socundus.</strong></span> <span class='ocrx_word' id='word_1_3' title='bbox 939 342 1003 405; x_wconf 81' lang='grc'><strong>359</strong></span> 
     </span>
    </p>
   </div>
   <div class='ocr_carea' id='block_1_2' title="bbox 120 483 1004 2443">
    <p class='ocr_par' dir='ltr' id='par_1_2' title="bbox 124 483 1004 1535">
     <span class='ocr_line' id='line_1_2' title="bbox 131 483 1004 557; baseline 0.005 -14"><span class='ocrx_word' id='word_1_4' title='bbox 131 485 210 543; x_wconf 85' lang='lat' dir='ltr'><strong>enim</strong></span> <span class='ocrx_word' id='word_1_5' title='bbox 244 483 342 551; x_wconf 81' lang='lat' dir='ltr'><strong>venis,</strong></span> <span class='ocrx_word' id='word_1_6' title='bbox 375 487 406 540; x_wconf 87' lang='lat' dir='ltr'><strong>et</strong></span> <span class='ocrx_word' id='word_1_7' title='bbox 451 485 561 554; x_wconf 85' lang='lat' dir='ltr'><strong>nervis,</strong></span> <span class='ocrx_word' id='word_1_8' title='bbox 595 491 626 543; x_wconf 91' lang='lat' dir='ltr'><strong>et</strong></span> <span class='ocrx_word' id='word_1_9' title='bbox 663 484 775 545; x_wconf 86' lang='lat' dir='ltr'><strong>ossibus</strong></span> <span class='ocrx_word' id='word_1_10' title='bbox 808 485 1004 557; x_wconf 80' lang='lat' dir='ltr'><strong>continentur,</strong></span> 
     </span>
     <span class='ocr_line' id='line_1_3' title="bbox 127 583 1003 657; baseline 0.003 -15"><span class='ocrx_word' id='word_1_11' title='bbox 127 602 185 642; x_wconf 84' lang='lat' dir='ltr'><strong>neo</strong></span> <span class='ocrx_word' id='word_1_12' title='bbox 213 585 250 640; x_wconf 92' lang='lat' dir='ltr'><strong>iis</strong></span> <span class='ocrx_word' id='word_1_13' title='bbox 285 584 363 640; x_wconf 85' lang='lat' dir='ltr'><strong>escis</strong></span> <span class='ocrx_word' id='word_1_14' title='bbox 397 588 449 640; x_wconf 90' lang='lat' dir='ltr'><strong>aut</strong></span> <span class='ocrx_word' id='word_1_15' title='bbox 479 583 645 657; x_wconf 83' lang='lat' dir='ltr'><strong>potionibus</strong></span> <span class='ocrx_word' id='word_1_16' title='bbox 683 590 851 652; x_wconf 73' lang='lat' dir='ltr'><strong>vescuntur,</strong></span> <span class='ocrx_word' id='word_1_17' title='bbox 883 593 916 644; x_wconf 90' lang='lat' dir='ltr'><strong>ut</strong></span> <span class='ocrx_word' id='word_1_18' title='bbox 951 592 1003 645; x_wconf 87' lang='lat' dir='ltr'><strong>aut</strong></span> 
     </span>
     <span class='ocr_line' id='line_1_4' title="bbox 128 682 1003 749; baseline 0.001 -8"><span class='ocrx_word' id='word_1_19' title='bbox 128 682 218 742; x_wconf 85' lang='lat' dir='ltr'><strong>nimis</strong></span> <span class='ocrx_word' id='word_1_20' title='bbox 255 699 346 749; x_wconf 88' lang='lat' dir='ltr'><strong>acres,</strong></span> <span class='ocrx_word' id='word_1_21' title='bbox 373 688 424 740; x_wconf 89' lang='lat' dir='ltr'><strong>ant</strong></span> <span class='ocrx_word' id='word_1_22' title='bbox 454 683 542 741; x_wconf 88' lang='lat' dir='ltr'><strong>nimis</strong></span> <span class='ocrx_word' id='word_1_23' title='bbox 568 688 721 741; x_wconf 83' lang='lat' dir='ltr'><strong>uoueretos</strong></span> <span class='ocrx_word' id='word_1_24' title='bbox 754 683 888 741; x_wconf 86' lang='lat' dir='ltr'><strong>humores</strong></span> <span class='ocrx_word' id='word_1_25' title='bbox 921 687 1003 743; x_wconf 88' lang='lat' dir='ltr'><strong>oolli-</strong></span> 
     </span>
     <span class='ocr_line' id='line_1_5' title="bbox 124 781 1003 856; baseline 0.006 -21"><span class='ocrx_word' id='word_1_26' title='bbox 124 786 218 856; x_wconf 75' lang='lat' dir='ltr'><strong>gant:</strong></span> <span class='ocrx_word' id='word_1_27' title='bbox 255 798 311 838; x_wconf 83' lang='lat' dir='ltr'><strong>neo</strong></span> <span class='ocrx_word' id='word_1_28' title='bbox 333 781 371 838; x_wconf 91' lang='lat' dir='ltr'><strong>iis</strong></span> <span class='ocrx_word' id='word_1_29' title='bbox 392 783 560 856; x_wconf 69' lang='lat' dir='ltr'><strong>corporibus</strong></span> <span class='ocrx_word' id='word_1_30' title='bbox 579 787 656 849; x_wconf 86' lang='lat' dir='ltr'><strong>sunt,</strong></span> <span class='ocrx_word' id='word_1_31' title='bbox 686 786 717 840; x_wconf 88' lang='lat' dir='ltr'><strong>ut</strong></span> <span class='ocrx_word' id='word_1_32' title='bbox 743 788 794 840; x_wconf 93' lang='lat' dir='ltr'><strong>aut</strong></span> <span class='ocrx_word' id='word_1_33' title='bbox 823 800 918 849; x_wconf 81' lang='lat' dir='ltr'><strong>casus,</strong></span> <span class='ocrx_word' id='word_1_34' title='bbox 952 788 1003 840; x_wconf 88' lang='lat' dir='ltr'><strong>aut</strong></span> 
     </span>
     <span class='ocr_line' id='line_1_6' title="bbox 126 879 1002 959; baseline 0.005 -22"><span class='ocrx_word' id='word_1_35' title='bbox 126 879 202 937; x_wconf 86' lang='lat' dir='ltr'><strong>ictus</strong></span> <span class='ocrx_word' id='word_1_36' title='bbox 217 880 423 950; x_wconf 83' lang='lat' dir='ltr'><strong>extimescant,</strong></span> <span class='ocrx_word' id='word_1_37' title='bbox 438 887 489 939; x_wconf 90' lang='lat' dir='ltr'><strong>aut</strong></span> <span class='ocrx_word' id='word_1_38' title='bbox 508 884 625 939; x_wconf 86' lang='lat' dir='ltr'><strong>morbos</strong></span> <span class='ocrx_word' id='word_1_39' title='bbox 649 886 782 941; x_wconf 88' lang='lat' dir='ltr'><strong>metuant</strong></span> <span class='ocrx_word' id='word_1_40' title='bbox 805 901 843 939; x_wconf 86' lang='lat' dir='ltr'><strong>ex</strong></span> <span class='ocrx_word' id='word_1_41' title='bbox 863 883 1002 959; x_wconf 78' lang='lat' dir='ltr'><strong>defatiga-</strong></span> 
     </span>
     <span class='ocr_line' id='line_1_7' title="bbox 127 978 1002 1055; baseline 0.005 -20"><span class='ocrx_word' id='word_1_42' title='bbox 127 978 210 1035; x_wconf 85' lang='lat' dir='ltr'>tione</span> <span class='ocrx_word' id='word_1_43' title='bbox 236 983 437 1039; x_wconf 78' lang='lat' dir='ltr'><strong>mrmbrorum.</strong></span> <span class='ocrx_word' id='word_1_44' title='bbox 493 982 578 1053; x_wconf 75' lang='lat' dir='ltr'><strong>Quae</strong></span> <span class='ocrx_word' id='word_1_45' title='bbox 608 998 713 1038; x_wconf 89' lang='lat' dir='ltr'><strong>verens</strong></span> <span class='ocrx_word' id='word_1_46' title='bbox 733 980 876 1055; x_wconf 80' lang='lat' dir='ltr'><strong>Epicurus</strong></span> <span class='ocrx_word' id='word_1_47' title='bbox 904 998 1002 1039; x_wconf 87' lang='lat' dir='ltr'><strong>morro-</strong></span> 
     </span>
     <span class='ocr_line' id='line_1_8' title="bbox 127 1082 1000 1157; baseline 0.006 -21"><span class='ocrx_word' id='word_1_48' title='bbox 127 1098 270 1155; x_wconf 84' lang='lat' dir='ltr'><strong>grammos</strong></span> <span class='ocrx_word' id='word_1_49' title='bbox 284 1083 354 1138; x_wconf 85' lang='lat' dir='ltr'><strong>‹leos</strong></span> <span class='ocrx_word' id='word_1_50' title='bbox 374 1089 405 1140; x_wconf 89' lang='lat' dir='ltr'><strong>et</strong></span> <span class='ocrx_word' id='word_1_51' title='bbox 419 1083 494 1140; x_wconf 91' lang='lat' dir='ltr'><strong>nihil</strong></span> <span class='ocrx_word' id='word_1_52' title='bbox 515 1089 638 1157; x_wconf 84' lang='lat' dir='ltr'><strong>agentes</strong></span> <span class='ocrx_word' id='word_1_53' title='bbox 657 1088 839 1139; x_wconf 81' lang='lat' dir='ltr'><strong>commentus</strong></span> <span class='ocrx_word' id='word_1_54' title='bbox 853 1088 907 1139; x_wconf 83' lang='lat' dir='ltr'><strong>est.</strong></span> <span class='ocrx_word' id='word_1_55' title='bbox 951 1082 1000 1142; x_wconf 86' lang='lat' dir='ltr'><strong>ltlt</strong></span> 
     </span>
     <span class='ocr_line' id='line_1_9' title="bbox 127 1181 1000 1258; baseline 0.005 -22"><span class='ocrx_word' id='word_1_56' title='bbox 127 1186 225 1236; x_wconf 87' lang='lat' dir='ltr'><strong>autem</strong></span> <span class='ocrx_word' id='word_1_57' title='bbox 254 1182 424 1251; x_wconf 78' lang='lat' dir='ltr'><strong>pulcerrima</strong></span> <span class='ocrx_word' id='word_1_58' title='bbox 454 1182 544 1239; x_wconf 86' lang='lat' dir='ltr'><strong>torma</strong></span> <span class='ocrx_word' id='word_1_59' title='bbox 573 1181 706 1255; x_wconf 82' lang='lat' dir='ltr'><strong>praediti,</strong></span> <span class='ocrx_word' id='word_1_60' title='bbox 734 1181 941 1258; x_wconf 83' lang='lat' dir='ltr'><strong>purissimaque</strong></span> <span class='ocrx_word' id='word_1_61' title='bbox 966 1182 1000 1241; x_wconf 89' lang='lat' dir='ltr'><strong>iu</strong></span> 
     </span>
     <span class='ocr_line' id='line_1_10' title="bbox 126 1279 999 1356; baseline 0.003 -20"><span class='ocrx_word' id='word_1_62' title='bbox 126 1280 247 1352; x_wconf 79' lang='lat' dir='ltr'>regione</span> <span class='ocrx_word' id='word_1_63' title='bbox 269 1279 346 1336; x_wconf 86' lang='lat' dir='ltr'><strong>caeli</strong></span> <span class='ocrx_word' id='word_1_64' title='bbox 363 1280 511 1347; x_wconf 81' lang='lat' dir='ltr'><strong>collocati,</strong></span> <span class='ocrx_word' id='word_1_65' title='bbox 532 1281 573 1338; x_wconf 90' lang='lat' dir='ltr'><strong>ita</strong></span> <span class='ocrx_word' id='word_1_66' title='bbox 599 1281 738 1348; x_wconf 83' lang='lat' dir='ltr'><strong>teruntur,</strong></span> <span class='ocrx_word' id='word_1_67' title='bbox 758 1282 999 1356; x_wconf 76' lang='lat' dir='ltr'><strong>moderanturque</strong></span> 
     </span>
     <span class='ocr_line' id='line_1_11' title="bbox 125 1379 999 1443; baseline 0.007 -8"><span class='ocrx_word' id='word_1_68' title='bbox 125 1396 235 1443; x_wconf 81' lang='lat' dir='ltr'><strong>aursus,</strong></span> <span class='ocrx_word' id='word_1_69' title='bbox 249 1385 280 1434; x_wconf 92' lang='lat' dir='ltr'><strong>nt</strong></span> <span class='ocrx_word' id='word_1_70' title='bbox 294 1380 331 1434; x_wconf 90' lang='lat' dir='ltr'><strong>ad</strong></span> <span class='ocrx_word' id='word_1_71' title='bbox 350 1379 448 1436; x_wconf 90' lang='lat' dir='ltr'><strong>omnia</strong></span> <span class='ocrx_word' id='word_1_72' title='bbox 469 1381 672 1439; x_wconf 80' lang='lat' dir='ltr'><strong>conservanda</strong></span> <span class='ocrx_word' id='word_1_73' title='bbox 693 1385 724 1438; x_wconf 91' lang='lat' dir='ltr'><strong>et</strong></span> <span class='ocrx_word' id='word_1_74' title='bbox 747 1381 856 1439; x_wconf 86' lang='lat' dir='ltr'><strong>tuenda</strong></span> <span class='ocrx_word' id='word_1_75' title='bbox 875 1397 999 1441; x_wconf 85' lang='lat' dir='ltr'><strong>oonsen·</strong></span> 
     </span>
     <span class='ocr_line' id='line_1_12' title="bbox 124 1477 445 1535; baseline -0.003 -1"><span class='ocrx_word' id='word_1_76' title='bbox 124 1477 197 1534; x_wconf 83' lang='lat' dir='ltr'><strong>aisse</strong></span> <span class='ocrx_word' id='word_1_77' title='bbox 213 1479 401 1535; x_wconf 85' lang='lat' dir='ltr'><strong>videantur..</strong></span> <span class='ocrx_word' id='word_1_78' title='bbox 440 1512 445 1523; x_wconf 88' lang='lat'><strong>·</strong></span> 
     </span>
    </p>

    <p class='ocr_par' dir='ltr' id='par_1_3' title="bbox 120 1577 999 2443">
     <span class='ocr_line' id='line_1_13' title="bbox 167 1577 999 1652; baseline 0.004 -19"><span class='ocrx_word' id='word_1_79' title='bbox 167 1577 280 1634; x_wconf 86' lang='lat' dir='ltr'><strong>Multae</strong></span> <span class='ocrx_word' id='word_1_80' title='bbox 307 1584 404 1633; x_wconf 81' lang='lat' dir='ltr'><strong>autem</strong></span> <span class='ocrx_word' id='word_1_81' title='bbox 428 1577 505 1635; x_wconf 84' lang='lat' dir='ltr'><strong>aliae</strong></span> <span class='ocrx_word' id='word_1_82' title='bbox 532 1583 653 1637; x_wconf 86' lang='lat' dir='ltr'><strong>naturas</strong></span> <span class='ocrx_word' id='word_1_83' title='bbox 673 1580 793 1637; x_wconf 87' lang='lat' dir='ltr'><strong>deorum</strong></span> <span class='ocrx_word' id='word_1_84' title='bbox 820 1596 858 1637; x_wconf 81' lang='lat' dir='ltr'><strong>ex</strong></span> <span class='ocrx_word' id='word_1_85' title='bbox 886 1578 999 1652; x_wconf 83' lang='lat' dir='ltr'><strong>magnis</strong></span> 
     </span>
     <span class='ocr_line' id='line_1_14' title="bbox 124 1675 999 1746; baseline 0.002 -13"><span class='ocrx_word' id='word_1_86' title='bbox 124 1677 279 1733; x_wconf 81' lang='lat' dir='ltr'><strong>beneficiis</strong></span> <span class='ocrx_word' id='word_1_87' title='bbox 301 1693 400 1733; x_wconf 88' lang='lat' dir='ltr'><strong>eorum</strong></span> <span class='ocrx_word' id='word_1_88' title='bbox 425 1694 485 1734; x_wconf 92' lang='lat' dir='ltr'><strong>uon</strong></span> <span class='ocrx_word' id='word_1_89' title='bbox 511 1677 577 1735; x_wconf 88' lang='lat' dir='ltr'><strong>sins</strong></span> <span class='ocrx_word' id='word_1_90' title='bbox 597 1694 696 1746; x_wconf 78' lang='lat' dir='ltr'><strong>nausa,</strong></span> <span class='ocrx_word' id='word_1_91' title='bbox 715 1684 747 1735; x_wconf 87' lang='lat' dir='ltr'><strong>et</strong></span> <span class='ocrx_word' id='word_1_92' title='bbox 774 1675 827 1734; x_wconf 73' lang='lat' dir='ltr'><strong>⁷¹a</strong></span> <span class='ocrx_word' id='word_1_93' title='bbox 853 1677 999 1735; x_wconf 82' lang='lat' dir='ltr'><strong>Graeciae</strong></span> 
     </span>
     <span class='ocr_line' id='line_1_15' title="bbox 124 1775 999 1849; baseline 0.002 -17"><span class='ocrx_word' id='word_1_94' title='bbox 124 1775 357 1847; x_wconf 68' lang='lat' dir='ltr'><strong>sapientissimis,</strong></span> <span class='ocrx_word' id='word_1_95' title='bbox 378 1781 408 1832; x_wconf 88' lang='lat' dir='ltr'><strong>et</strong></span> <span class='ocrx_word' id='word_1_96' title='bbox 422 1793 440 1832; x_wconf 92' lang='lat' dir='ltr'><strong>a</strong></span> <span class='ocrx_word' id='word_1_97' title='bbox 455 1776 610 1849; x_wconf 78' lang='lat' dir='ltr'><strong>majoribus</strong></span> <span class='ocrx_word' id='word_1_98' title='bbox 625 1776 730 1835; x_wconf 87' lang='lat' dir='ltr'><strong>nastris</strong></span> <span class='ocrx_word' id='word_1_99' title='bbox 750 1776 934 1843; x_wconf 71' lang='lat' dir='ltr'><strong>constitutae,</strong></span> <span class='ocrx_word' id='word_1_100' title='bbox 948 1794 999 1834; x_wconf 90' lang='lat' dir='ltr'><strong>no·</strong></span> 
     </span>
     <span class='ocr_line' id='line_1_16' title="bbox 124 1876 999 1951; baseline -0.001 -16"><span class='ocrx_word' id='word_1_101' title='bbox 124 1876 309 1951; x_wconf 78' lang='lat' dir='ltr'><strong>minutaeque</strong></span> <span class='ocrx_word' id='word_1_102' title='bbox 323 1882 400 1933; x_wconf 91' lang='lat' dir='ltr'><strong>sunt.</strong></span> <span class='ocrx_word' id='word_1_103' title='bbox 437 1876 585 1951; x_wconf 78' lang='lat' dir='ltr'><strong>Quidquid</strong></span> <span class='ocrx_word' id='word_1_104' title='bbox 598 1877 678 1935; x_wconf 87' lang='lat' dir='ltr'><strong>euim</strong></span> <span class='ocrx_word' id='word_1_105' title='bbox 691 1893 827 1951; x_wconf 83' lang='lat' dir='ltr'><strong>magnam</strong></span> <span class='ocrx_word' id='word_1_106' title='bbox 841 1876 999 1934; x_wconf 84' lang='lat' dir='ltr'><strong>utilitatem</strong></span> 
     </span>
     <span class='ocr_line' id='line_1_17' title="bbox 122 1975 997 2051; baseline 0.001 -19"><span class='ocrx_word' id='word_1_107' title='bbox 122 1977 225 2051; x_wconf 80' lang='lat' dir='ltr'><strong>generi</strong></span> <span class='ocrx_word' id='word_1_108' title='bbox 239 1977 352 2033; x_wconf 86' lang='lat' dir='ltr'><strong>atl&#39;erret</strong></span> <span class='ocrx_word' id='word_1_109' title='bbox 367 1977 502 2043; x_wconf 85' lang='lat' dir='ltr'><strong>hnmano,</strong></span> <span class='ocrx_word' id='word_1_110' title='bbox 521 1975 552 2033; x_wconf 86' lang='lat' dir='ltr'><strong>id</strong></span> <span class='ocrx_word' id='word_1_111' title='bbox 572 1993 631 2033; x_wconf 88' lang='lat' dir='ltr'><strong>non</strong></span> <span class='ocrx_word' id='word_1_112' title='bbox 654 1976 719 2033; x_wconf 88' lang='lat' dir='ltr'><strong>sine</strong></span> <span class='ocrx_word' id='word_1_113' title='bbox 741 1975 845 2033; x_wconf 86' lang='lat' dir='ltr'><strong>divina</strong></span> <span class='ocrx_word' id='word_1_114' title='bbox 866 1976 997 2034; x_wconf 88' lang='lat' dir='ltr'><strong>bonitats</strong></span> 
     </span>
     <span class='ocr_line' id='line_1_18' title="bbox 121 2074 996 2149; baseline 0.001 -19"><span class='ocrx_word' id='word_1_115' title='bbox 121 2090 191 2149; x_wconf 78' lang='lat' dir='ltr'><strong>erga</strong></span> <span class='ocrx_word' id='word_1_116' title='bbox 204 2075 337 2132; x_wconf 88' lang='lat' dir='ltr'><strong>bomines</strong></span> <span class='ocrx_word' id='word_1_117' title='bbox 351 2074 414 2132; x_wconf 88' lang='lat' dir='ltr'><strong>lieri</strong></span> <span class='ocrx_word' id='word_1_118' title='bbox 438 2075 662 2133; x_wconf 84' lang='lat' dir='ltr'><strong>arbitrabantur.</strong></span> <span class='ocrx_word' id='word_1_119' title='bbox 713 2074 816 2149; x_wconf 91' lang='lat' dir='ltr'><strong>ltaque</strong></span> <span class='ocrx_word' id='word_1_120' title='bbox 839 2079 900 2133; x_wconf 88' lang='lat' dir='ltr'><strong>tum</strong></span> <span class='ocrx_word' id='word_1_121' title='bbox 914 2075 996 2143; x_wconf 76' lang='lat' dir='ltr'><strong>illud,</strong></span> 
     </span>
     <span class='ocr_line' id='line_1_19' title="bbox 121 2173 995 2249; baseline 0 -18"><span class='ocrx_word' id='word_1_122' title='bbox 121 2176 272 2249; x_wconf 85' lang='lat' dir='ltr'><strong>quoderat</strong></span> <span class='ocrx_word' id='word_1_123' title='bbox 287 2176 375 2232; x_wconf 89' lang='lat' dir='ltr'><strong>adeo</strong></span> <span class='ocrx_word' id='word_1_124' title='bbox 393 2180 503 2242; x_wconf 89' lang='lat' dir='ltr'><strong>natum,</strong></span> <span class='ocrx_word' id='word_1_125' title='bbox 516 2175 635 2233; x_wconf 86' lang='lat' dir='ltr'><strong>nomine</strong></span> <span class='ocrx_word' id='word_1_126' title='bbox 662 2173 752 2247; x_wconf 83' lang='lat' dir='ltr'><strong>ipsius</strong></span> <span class='ocrx_word' id='word_1_127' title='bbox 778 2175 827 2231; x_wconf 88' lang='lat' dir='ltr'><strong>dei</strong></span> <span class='ocrx_word' id='word_1_128' title='bbox 849 2190 995 2247; x_wconf 84' lang='lat' dir='ltr'><strong>nuncupa·</strong></span> 
     </span>
     <span class='ocr_line' id='line_1_20' title="bbox 120 2273 995 2346; baseline 0.002 -17"><span class='ocrx_word' id='word_1_129' title='bbox 120 2273 210 2330; x_wconf 87' lang='lat' dir='ltr'><strong>baut:</strong></span> <span class='ocrx_word' id='word_1_130' title='bbox 243 2279 275 2330; x_wconf 91' lang='lat' dir='ltr'><strong>ut</strong></span> <span class='ocrx_word' id='word_1_131' title='bbox 298 2291 366 2329; x_wconf 87' lang='lat' dir='ltr'><strong>ourn</strong></span> <span class='ocrx_word' id='word_1_132' title='bbox 393 2274 487 2346; x_wconf 77' lang='lat' dir='ltr'><strong>trugas</strong></span> <span class='ocrx_word' id='word_1_133' title='bbox 512 2275 651 2331; x_wconf 83' lang='lat' dir='ltr'><strong>Cererem</strong></span> <span class='ocrx_word' id='word_1_134' title='bbox 676 2275 867 2345; x_wconf 76' lang='lat' dir='ltr'><strong>appellamus,</strong></span> <span class='ocrx_word' id='word_1_135' title='bbox 891 2273 995 2332; x_wconf 77' lang='lat' dir='ltr'><strong>viuum</strong></span> 
     </span>
     <span class='ocr_line' id='line_1_21' title="bbox 123 2370 776 2443; baseline 0.005 -17"><span class='ocrx_word' id='word_1_136' title='bbox 123 2377 221 2428; x_wconf 89' lang='lat' dir='ltr'><strong>antem</strong></span> <span class='ocrx_word' id='word_1_137' title='bbox 241 2370 399 2438; x_wconf 70' lang='lat' dir='ltr'><strong>Liberumr</strong></span> <span class='ocrx_word' id='word_1_138' title='bbox 419 2387 458 2426; x_wconf 86' lang='lat' dir='ltr'><strong>ex</strong></span> <span class='ocrx_word' id='word_1_139' title='bbox 468 2387 527 2443; x_wconf 90' lang='lat' dir='ltr'><strong>quo</strong></span> <span class='ocrx_word' id='word_1_140' title='bbox 538 2370 614 2427; x_wconf 86' lang='lat' dir='ltr'><strong>illud</strong></span> <span class='ocrx_word' id='word_1_141' title='bbox 627 2371 776 2429; x_wconf 78' lang='lat' dir='ltr'><strong>Terentii.</strong></span> 
     </span>
    </p>
   </div>
   <div class='ocr_carea' id='block_1_3' title="bbox 243 2500 710 2561">
    <p class='ocr_par' dir='ltr' id='par_1_4' title="bbox 243 2500 710 2561">
     <span class='ocr_line' id='line_1_22' title="bbox 243 2500 710 2561; baseline 0 -11"><span class='ocrx_word' id='word_1_142' title='bbox 243 2502 296 2550; x_wconf 81' lang='lat' dir='ltr'><strong>Sine</strong></span> <span class='ocrx_word' id='word_1_143' title='bbox 309 2502 395 2550; x_wconf 80' lang='lat' dir='ltr'><strong>Cerere</strong></span> <span class='ocrx_word' id='word_1_144' title='bbox 409 2508 434 2550; x_wconf 86' lang='lat' dir='ltr'><strong>et</strong></span> <span class='ocrx_word' id='word_1_145' title='bbox 449 2502 534 2550; x_wconf 80' lang='lat' dir='ltr'><strong>Libero</strong></span> <span class='ocrx_word' id='word_1_146' title='bbox 548 2501 616 2561; x_wconf 73' lang='lat' dir='ltr'><strong>friget</strong></span> <span class='ocrx_word' id='word_1_147' title='bbox 626 2500 710 2550; x_wconf 73' lang='lat' dir='ltr'><strong>Venus</strong></span> 
     </span>
    </p>
   </div>
   <div class='ocr_carea' id='block_1_4' title="bbox 121 2620 996 3299">
    <p class='ocr_par' dir='ltr' id='par_1_5' title="bbox 121 2620 996 3299">
     <span class='ocr_line' id='line_1_23' title="bbox 125 2620 995 2701; baseline -0.001 -16"><span class='ocrx_word' id='word_1_148' title='bbox 125 2627 205 2685; x_wconf 81' lang='lat' dir='ltr'><strong>Turn</strong></span> <span class='ocrx_word' id='word_1_149' title='bbox 220 2630 317 2682; x_wconf 84' lang='lat' dir='ltr'><strong>autem</strong></span> <span class='ocrx_word' id='word_1_150' title='bbox 336 2642 382 2681; x_wconf 85' lang='lat' dir='ltr'><strong>res</strong></span> <span class='ocrx_word' id='word_1_151' title='bbox 396 2624 470 2699; x_wconf 86' lang='lat' dir='ltr'><strong>ipsa,</strong></span> <span class='ocrx_word' id='word_1_152' title='bbox 483 2624 516 2683; x_wconf 90' lang='lat' dir='ltr'><strong>in</strong></span> <span class='ocrx_word' id='word_1_153' title='bbox 534 2643 592 2701; x_wconf 90' lang='lat' dir='ltr'><strong>qua</strong></span> <span class='ocrx_word' id='word_1_154' title='bbox 614 2620 661 2683; x_wconf 87' lang='lat' dir='ltr'><strong>vis</strong></span> <span class='ocrx_word' id='word_1_155' title='bbox 685 2624 764 2683; x_wconf 88' lang='lat' dir='ltr'><strong>inest</strong></span> <span class='ocrx_word' id='word_1_156' title='bbox 786 2624 877 2701; x_wconf 73' lang='lat' dir='ltr'><strong>maq&#39;or</strong></span> <span class='ocrx_word' id='word_1_157' title='bbox 889 2625 995 2700; x_wconf 82' lang='lat' dir='ltr'><strong>aliqua,</strong></span> 
     </span>
     <span class='ocr_line' id='line_1_24' title="bbox 121 2724 996 2800; baseline -0.001 -15"><span class='ocrx_word' id='word_1_158' title='bbox 121 2727 166 2786; x_wconf 85' lang='lat' dir='ltr'><strong>sio</strong></span> <span class='ocrx_word' id='word_1_159' title='bbox 191 2727 361 2800; x_wconf 80' lang='lat' dir='ltr'><strong>appellatur,</strong></span> <span class='ocrx_word' id='word_1_160' title='bbox 387 2732 419 2783; x_wconf 91' lang='lat' dir='ltr'><strong>ut</strong></span> <span class='ocrx_word' id='word_1_161' title='bbox 442 2744 478 2782; x_wconf 90' lang='lat' dir='ltr'><strong>ea</strong></span> <span class='ocrx_word' id='word_1_162' title='bbox 505 2726 569 2800; x_wconf 86' lang='lat' dir='ltr'><strong>ipsa</strong></span> <span class='ocrx_word' id='word_1_163' title='bbox 596 2724 642 2781; x_wconf 87' lang='lat' dir='ltr'><strong>vis</strong></span> <span class='ocrx_word' id='word_1_164' title='bbox 667 2725 832 2797; x_wconf 85' lang='lat' dir='ltr'><strong>nominetur</strong></span> <span class='ocrx_word' id='word_1_165' title='bbox 855 2726 935 2794; x_wconf 83' lang='lat' dir='ltr'><strong>deus,</strong></span> <span class='ocrx_word' id='word_1_166' title='bbox 962 2730 996 2784; x_wconf 88' lang='lat' dir='ltr'><strong>nt</strong></span> 
     </span>
     <span class='ocr_line' id='line_1_25' title="bbox 123 2809 996 2902; baseline -0.001 -18"><span class='ocrx_word' id='word_1_167' title='bbox 123 2809 232 2894; x_wconf 74' lang='lat' dir='ltr'><strong>Fides,¹</strong></span> <span class='ocrx_word' id='word_1_168' title='bbox 244 2832 276 2882; x_wconf 92' lang='lat' dir='ltr'><strong>ut</strong></span> <span class='ocrx_word' id='word_1_169' title='bbox 297 2825 402 2883; x_wconf 86' lang='lat' dir='ltr'><strong>Mens:</strong></span> <span class='ocrx_word' id='word_1_170' title='bbox 424 2842 495 2902; x_wconf 90' lang='lat' dir='ltr'><strong>quas</strong></span> <span class='ocrx_word' id='word_1_171' title='bbox 513 2824 546 2882; x_wconf 92' lang='lat' dir='ltr'><strong>in</strong></span> <span class='ocrx_word' id='word_1_172' title='bbox 566 2824 715 2897; x_wconf 71' lang='lat' dir='ltr'><strong>Capitolio</strong></span> <span class='ocrx_word' id='word_1_173' title='bbox 739 2824 889 2883; x_wconf 80' lang='lat' dir='ltr'><strong>dedicatas</strong></span> <span class='ocrx_word' id='word_1_174' title='bbox 914 2825 996 2883; x_wconf 89' lang='lat' dir='ltr'><strong>vids·</strong></span> 
     </span>
     <span class='ocr_line' id='line_1_26' title="bbox 122 2923 994 2998; baseline -0.001 -16"><span class='ocrx_word' id='word_1_175' title='bbox 122 2943 186 2982; x_wconf 90' lang='lat' dir='ltr'><strong>mus</strong></span> <span class='ocrx_word' id='word_1_176' title='bbox 202 2925 332 2998; x_wconf 82' lang='lat' dir='ltr'><strong>proxime</strong></span> <span class='ocrx_word' id='word_1_177' title='bbox 347 2942 364 2981; x_wconf 92' lang='lat' dir='ltr'><strong>a</strong></span> <span class='ocrx_word' id='word_1_178' title='bbox 379 2923 422 2982; x_wconf 88' lang='lat' dir='ltr'><strong>M.</strong></span> <span class='ocrx_word' id='word_1_179' title='bbox 439 2923 570 2983; x_wconf 79' lang='lat' dir='ltr'><strong>Aemilio</strong></span> <span class='ocrx_word' id='word_1_180' title='bbox 591 2924 718 2994; x_wconf 79' lang='lat' dir='ltr'><strong>Scauro3</strong></span> <span class='ocrx_word' id='word_1_181' title='bbox 748 2930 817 2982; x_wconf 88' lang='lat' dir='ltr'><strong>ante</strong></span> <span class='ocrx_word' id='word_1_182' title='bbox 839 2929 936 2982; x_wconf 88' lang='lat' dir='ltr'><strong>autem</strong></span> <span class='ocrx_word' id='word_1_183' title='bbox 956 2926 994 2982; x_wconf 89' lang='lat' dir='ltr'><strong>ab</strong></span> 
     </span>
     <span class='ocr_line' id='line_1_27' title="bbox 123 3024 994 3083; baseline -0.003 0"><span class='ocrx_word' id='word_1_184' title='bbox 123 3024 221 3083; x_wconf 90' lang='lat' dir='ltr'><strong>Atilio</strong></span> <span class='ocrx_word' id='word_1_185' title='bbox 235 3024 374 3082; x_wconf 77' lang='lat' dir='ltr'><strong>Calatino</strong></span> <span class='ocrx_word' id='word_1_186' title='bbox 394 3031 456 3081; x_wconf 88' lang='lat' dir='ltr'><strong>erat</strong></span> <span class='ocrx_word' id='word_1_187' title='bbox 477 3024 568 3081; x_wconf 81' lang='lat' dir='ltr'><strong>Fides</strong></span> <span class='ocrx_word' id='word_1_188' title='bbox 589 3028 770 3081; x_wconf 81' lang='lat' dir='ltr'><strong>consecrata.</strong></span> <span class='ocrx_word' id='word_1_189' title='bbox 812 3024 905 3080; x_wconf 89' lang='lat' dir='ltr'><strong>Vides</strong></span> <span class='ocrx_word' id='word_1_190' title='bbox 926 3024 994 3081; x_wconf 90' lang='lat' dir='ltr'><strong>Vir-</strong></span> 
     </span>
     <span class='ocr_line' id='line_1_28' title="bbox 123 3121 994 3207; baseline 0.002 -28"><span class='ocrx_word' id='word_1_191' title='bbox 123 3122 193 3180; x_wconf 86' lang='lat' dir='ltr'><strong>tutis</strong></span> <span class='ocrx_word' id='word_1_192' title='bbox 208 3125 357 3197; x_wconf 79' lang='lat' dir='ltr'><strong>templum,</strong></span> <span class='ocrx_word' id='word_1_193' title='bbox 368 3121 483 3207; x_wconf 68' lang='lat' dir='ltr'><strong>⁷&#39;vides</strong></span> <span class='ocrx_word' id='word_1_194' title='bbox 510 3123 640 3181; x_wconf 86' lang='lat' dir='ltr'><strong>Honoris</strong></span> <span class='ocrx_word' id='word_1_195' title='bbox 661 3141 678 3180; x_wconf 91' lang='lat' dir='ltr'><strong>a</strong></span> <span class='ocrx_word' id='word_1_196' title='bbox 695 3123 737 3180; x_wconf 87' lang='grc' dir='ltr'><strong>Μ.</strong></span> <span class='ocrx_word' id='word_1_197' title='bbox 754 3122 898 3181; x_wconf 82' lang='lat' dir='ltr'><strong>Marcello</strong></span> <span class='ocrx_word' id='word_1_198' title='bbox 911 3140 994 3181; x_wconf 84' lang='lat' dir='ltr'><strong>reno·</strong></span> 
     </span>
     <span class='ocr_line' id='line_1_29' title="bbox 122 3221 993 3299; baseline 0.002 -20"><span class='ocrx_word' id='word_1_199' title='bbox 122 3228 241 3280; x_wconf 81' lang='lat' dir='ltr'><strong>vatum:</strong></span> <span class='ocrx_word' id='word_1_200' title='bbox 263 3223 340 3298; x_wconf 90' lang='lat' dir='ltr'><strong>quod</strong></span> <span class='ocrx_word' id='word_1_201' title='bbox 367 3221 499 3283; x_wconf 69' lang='lat' dir='ltr'><strong>²³multis</strong></span> <span class='ocrx_word' id='word_1_202' title='bbox 522 3228 593 3281; x_wconf 88' lang='lat' dir='ltr'><strong>ante</strong></span> <span class='ocrx_word' id='word_1_203' title='bbox 613 3223 699 3280; x_wconf 87' lang='lat' dir='ltr'><strong>annis</strong></span> <span class='ocrx_word' id='word_1_204' title='bbox 722 3228 784 3280; x_wconf 89' lang='lat' dir='ltr'><strong>erat</strong></span> <span class='ocrx_word' id='word_1_205' title='bbox 809 3224 886 3280; x_wconf 87' lang='lat' dir='ltr'><strong>bello</strong></span> <span class='ocrx_word' id='word_1_206' title='bbox 906 3222 993 3299; x_wconf 85' lang='lat' dir='ltr'><strong>Ligu·</strong></span> 
     </span>
    </p>
   </div>
   <div class='ocr_carea' id='block_1_5' title="bbox 119 3368 992 3487">
    <p class='ocr_par' dir='ltr' id='par_1_6' title="bbox 119 3368 992 3487">
     <span class='ocr_line' id='line_1_30' title="bbox 150 3368 992 3430; baseline 0.002 -15"><span class='ocrx_word' id='word_1_207' title='bbox 150 3368 200 3415; x_wconf 72' lang='lat' dir='ltr'><strong>‘lla</strong></span> <span class='ocrx_word' id='word_1_208' title='bbox 219 3368 326 3415; x_wconf 81' lang='lat' dir='ltr'><strong>Graeciae</strong></span> <span class='ocrx_word' id='word_1_209' title='bbox 345 3369 530 3428; x_wconf 64' lang='lat' dir='ltr'><strong>ualentissimis]</strong></span> <span class='ocrx_word' id='word_1_210' title='bbox 571 3370 609 3417; x_wconf 83' lang='lat' dir='ltr'><strong>Sic</strong></span> <span class='ocrx_word' id='word_1_211' title='bbox 623 3368 682 3417; x_wconf 83' lang='lat' dir='ltr'><strong>Mas.</strong></span> <span class='ocrx_word' id='word_1_212' title='bbox 698 3374 723 3416; x_wconf 85' lang='lat' dir='ltr'><strong>et</strong></span> <span class='ocrx_word' id='word_1_213' title='bbox 737 3369 789 3417; x_wconf 79' lang='lat' dir='ltr'><strong>edd.</strong></span> <span class='ocrx_word' id='word_1_214' title='bbox 810 3371 866 3416; x_wconf 89' lang='lat' dir='ltr'><strong>vett.</strong></span> <span class='ocrx_word' id='word_1_215' title='bbox 882 3370 992 3430; x_wconf 79' lang='lat' dir='ltr'><strong>quaedam</strong></span> 
     </span>
     <span class='ocr_line' id='line_1_31' title="bbox 119 3428 312 3487; baseline 0.005 -14"><span class='ocrx_word' id='word_1_216' title='bbox 119 3428 312 3487; x_wconf 65' lang='lat' dir='ltr'><strong>moramentilus.</strong></span> 
     </span>
    </p>
   </div>
   <div class='ocr_carea' id='block_1_6' title="bbox 121 3505 991 3629">
    <p class='ocr_par' dir='ltr' id='par_1_7' title="bbox 121 3505 991 3629">
     <span class='ocr_line' id='line_1_32' title="bbox 150 3505 991 3573; baseline 0.002 -20"><span class='ocrx_word' id='word_1_217' title='bbox 150 3505 174 3537; x_wconf 81' lang='lat'><strong>&#39;¹¹</strong></span> <span class='ocrx_word' id='word_1_218' title='bbox 189 3506 249 3553; x_wconf 78' lang='lat' dir='ltr'><strong>vidae</strong></span> <span class='ocrx_word' id='word_1_219' title='bbox 259 3505 361 3554; x_wconf 74' lang='lat' dir='ltr'><strong>Honoris</strong></span> <span class='ocrx_word' id='word_1_220' title='bbox 373 3522 388 3553; x_wconf 87' lang='grc' dir='ltr'><em>α</em></span> <span class='ocrx_word' id='word_1_221' title='bbox 402 3506 437 3553; x_wconf 83' lang='lat' dir='ltr'><strong>lt.</strong></span> <span class='ocrx_word' id='word_1_222' title='bbox 456 3506 566 3555; x_wconf 69' lang='lat' dir='ltr'><strong>Marullo</strong></span> <span class='ocrx_word' id='word_1_223' title='bbox 582 3512 721 3563; x_wconf 73' lang='lat' dir='ltr'><strong>renotatam,</strong></span> <span class='ocrx_word' id='word_1_224' title='bbox 739 3508 793 3569; x_wconf 76' lang='lat' dir='ltr'><strong>eto]</strong></span> <span class='ocrx_word' id='word_1_225' title='bbox 825 3507 870 3555; x_wconf 84' lang='lat' dir='ltr'><strong>Hie</strong></span> <span class='ocrx_word' id='word_1_226' title='bbox 879 3506 961 3573; x_wconf 65' lang='lat' dir='ltr'><strong>Ciegro</strong></span> <span class='ocrx_word' id='word_1_227' title='bbox 977 3524 991 3555; x_wconf 81' lang='lat' dir='ltr'><strong>a</strong></span> 
     </span>
     <span class='ocr_line' id='line_1_33' title="bbox 121 3561 991 3629; baseline 0.007 -20"><span class='ocrx_word' id='word_1_228' title='bbox 121 3561 189 3609; x_wconf 85' lang='lat' dir='ltr'><strong>Livio</strong></span> <span class='ocrx_word' id='word_1_229' title='bbox 198 3564 314 3613; x_wconf 80' lang='lat' dir='ltr'><strong>dissentire</strong></span> <span class='ocrx_word' id='word_1_230' title='bbox 329 3566 425 3613; x_wconf 83' lang='lat' dir='ltr'><strong>videtur.</strong></span> <span class='ocrx_word' id='word_1_231' title='bbox 435 3566 518 3628; x_wconf 82' lang='lat' dir='ltr'><strong>dequo</strong></span> <span class='ocrx_word' id='word_1_232' title='bbox 527 3581 549 3613; x_wconf 82' lang='lat' dir='ltr'><strong>v.</strong></span> <span class='ocrx_word' id='word_1_233' title='bbox 560 3566 719 3627; x_wconf 73' lang='lat' dir='ltr'><strong>Wessalingius</strong></span> <span class='ocrx_word' id='word_1_234' title='bbox 728 3568 784 3615; x_wconf 90' lang='lat' dir='ltr'><strong>Obs.</strong></span> <span class='ocrx_word' id='word_1_235' title='bbox 797 3568 828 3627; x_wconf 77' lang='lat' dir='ltr'><strong>tl,</strong></span> <span class='ocrx_word' id='word_1_236' title='bbox 843 3572 866 3615; x_wconf 77' lang='lat' dir='ltr'><strong>t.</strong></span> <span class='ocrx_word' id='word_1_237' title='bbox 876 3582 898 3629; x_wconf 83' lang='lat' dir='ltr'><strong>p.</strong></span> <span class='ocrx_word' id='word_1_238' title='bbox 912 3572 960 3617; x_wconf 80' lang='lat'>157.</span> <span class='ocrx_word' id='word_1_239' title='bbox 972 3583 991 3615; x_wconf 85' lang='lat' dir='ltr'><strong>a.</strong></span> 
     </span>
    </p>
   </div>
   <div class='ocr_carea' id='block_1_7' title="bbox 150 3640 992 3707">
    <p class='ocr_par' dir='ltr' id='par_1_8' title="bbox 150 3640 992 3707">
     <span class='ocr_line' id='line_1_34' title="bbox 150 3640 992 3707; baseline 0.004 -18"><span class='ocrx_word' id='word_1_240' title='bbox 150 3640 174 3673; x_wconf 79' lang='lat'><strong>&#39;¹³</strong></span> <span class='ocrx_word' id='word_1_241' title='bbox 187 3644 418 3706; x_wconf 65' lang='lat' dir='ltr'><strong>martianaeum]</strong></span> <span class='ocrx_word' id='word_1_242' title='bbox 449 3645 495 3693; x_wconf 78' lang='lat' dir='ltr'><strong>Sed</strong></span> <span class='ocrx_word' id='word_1_243' title='bbox 511 3645 574 3694; x_wconf 81' lang='lat' dir='ltr'><strong>tuere</strong></span> <span class='ocrx_word' id='word_1_244' title='bbox 584 3651 673 3695; x_wconf 85' lang='lat' dir='ltr'><strong>tantum</strong></span> <span class='ocrx_word' id='word_1_245' title='bbox 682 3645 769 3707; x_wconf 78' lang='lat' dir='ltr'><strong>viginti.</strong></span> <span class='ocrx_word' id='word_1_246' title='bbox 780 3652 806 3695; x_wconf 91' lang='lat' dir='ltr'><strong>at</strong></span> <span class='ocrx_word' id='word_1_247' title='bbox 821 3646 914 3705; x_wconf 69' lang='lat' dir='ltr'><strong>verbum</strong></span> <span class='ocrx_word' id='word_1_248' title='bbox 924 3648 992 3696; x_wconf 80' lang='lat' dir='ltr'><strong>multi</strong></span> 
     </span>
    </p>
   </div>
   <div class='ocr_carea' id='block_1_8' title="bbox 0 0 1168 4066">
    <p class='ocr_par' dir='ltr' id='par_1_9' title="bbox 0 0 1168 4066">
     <span class='ocr_line' id='line_1_35' title="bbox 0 0 1168 4066; baseline 0 3"><span class='ocrx_word' id='word_1_249' title='bbox 0 0 1168 4066; x_wconf 95' lang='lat' dir='ltr'><strong> </strong></span> 
     </span>
    </p>
   </div>
  </div>
 </body>
</html>
