2552 4208
479 306 755 392 ussuuumnua.
993 343 1055 408 m

180 487 354 564 opinionum
375 487 492 548 morbus
512 485 661 548 efficiatur.
676 491 707 546 et
720 485 898 562 aegrotatio:
918 486 950 548 in
963 491 1057 550 attera

181 589 384 652 inconstantia
396 594 428 646 et
451 587 652 662 repugnantia.
666 605 726 644 non
745 587 825 646 euim
842 607 929 648 omne
950 590 1057 649 vitium

180 688 203 724 ‘⁴
214 695 312 765 partes
326 690 414 747 habet
428 687 645 750 dissentientes.
659 693 690 746 nt
704 705 812 756 eorum,
826 689 876 763 qui
891 705 948 746 non
969 693 1057 765 ionga

181 807 202 850 a
215 787 362 864 sapientia
374 789 489 856 absunt,
502 787 619 848 sffeotio
632 793 676 846 eat
690 787 742 846 illa
755 787 872 862 quidem
886 790 1056 862 discrepans

182 888 337 962 sibiipsa,
355 889 424 947 duur
444 893 489 946 est
511 887 664 961 insipiens,
683 888 735 946 aeri
767 905 825 945 non
845 886 976 957 distorte,
998 904 1055 947 neo

182 1005 284 1064 prava.
309 988 402 1048 morbi
429 975 536 1056 sutem,
563 993 593 1047 et
618 987 843 1062 aegrotationes,
864 997 960 1060 portes
988 992 1056 1048 aunt

182 1087 353 1147 vitiositatis
367 1089 418 1146 aed
433 1088 673 1162 perturbationes,
688 1087 785 1144 sintne
805 1085 934 1159 ejusdem
950 1092 1056 1160 partes,

182 1187 316 1264 quaestio
329 1193 382 1246 est.
413 1187 498 1246 Vitia
512 1188 602 1253 enim,
617 1186 789 1246 affectiones
802 1192 868 1244 suut
884 1194 1053 1246 manentes:

183 1287 417 1364 perturbationes
451 1292 556 1352 autem,
590 1293 754 1352 moventes,
784 1290 816 1344 ut
850 1304 910 1344 non
944 1286 1057 1360 possint

182 1389 371 1448 affectionum
387 1386 566 1444 manentium
582 1393 677 1460 partes
690 1403 765 1444 esse.
779 1391 866 1460 atque
880 1394 912 1444 ut
925 1385 956 1444 in
971 1385 1056 1446 molis

182 1488 303 1562 attingit
329 1485 421 1543 animi
445 1490 577 1542 naturam
601 1485 729 1556 eorporis
756 1483 926 1551 similitudo,
952 1485 996 1542 sio
1023 1486 1056 1544 in

184 1587 280 1646 bonis.
304 1591 371 1642 sunt
397 1583 477 1640 enim
500 1582 670 1654 incorpore
693 1585 858 1658 praecipue,
883 1584 1056 1656 pulcritudo,

184 1687 274 1753 vires,
289 1684 431 1750 valitudo,
446 1683 575 1749 firmitas,
596 1680 755 1738 velocitas:
778 1686 845 1738 aunt
858 1681 929 1739 item
950 1681 981 1738 in
996 1682 1057 1740 sni·

183 1803 241 1846 mo.
282 1783 356 1842 ⁴⁵Ut
377 1784 458 1841 enim
481 1780 613 1856 eorporis
635 1781 817 1854 temperatio,
841 1799 907 1840 oum
932 1798 968 1838 ea
988 1799 1057 1841 uon·

181 1885 391 1963 gruuntinter
411 1902 453 1950 se,
479 1901 497 1940 e
527 1882 629 1958 quibus
659 1889 844 1939 constamus:
877 1882 987 1940 sanitas
1012 1883 1056 1941 sio

182 1987 274 2045 animi
288 1983 403 2051 dieitur,
417 1999 484 2040 oum
498 1983 560 2056 ejus
573 1981 697 2054 judicia,
711 1981 923 2055 opinionesque
936 1999 1056 2040 coneor-

181 2087 262 2152 rlsnt,
275 2093 368 2158 eaque
392 2083 485 2141 animi
505 2087 550 2139 est
564 2081 673 2139 virtus:
695 2097 781 2156 quam
796 2080 847 2139 atii
867 2082 961 2155 ipsam
985 2088 1056 2141 tem·

181 2185 343 2260 persentiam
365 2183 468 2242 dieunt
490 2200 565 2251 esse,
592 2182 644 2239 alii
669 2183 919 2255 obtemperantem
946 2187 1056 2256 tempe·

182 2285 334 2359 perantiae
364 2281 540 2356 praeceptis,
573 2287 604 2338 et
638 2297 704 2338 eom
737 2283 970 2356 subsequentem,
998 2299 1055 2340 neo

182 2383 340 2441 habentem
358 2383 447 2438 uttam
474 2379 604 2453 speeiem
627 2397 725 2437 auam:
746 2381 797 2436 aed
823 2381 888 2437 sive
902 2382 967 2448 hoo,
990 2381 1055 2439 sive

182 2481 255 2538 irruo
275 2480 322 2546 sit,
336 2479 367 2535 in
382 2481 446 2535 solo
459 2495 523 2534 esse
537 2477 680 2550 sapiente.
722 2477 777 2535 Est
795 2484 892 2536 autem
913 2481 1055 2554 quaedam

184 2579 276 2636 animi
310 2577 429 2644 sunites,
456 2593 531 2651 quae
558 2576 588 2633 in
617 2575 805 2650 insipientem
834 2578 923 2636 etiam
958 2581 1055 2648 eadat,

181 2675 281 2734 “oum
304 2676 455 2733 curatione
476 2675 653 2733 medicorum
676 2677 861 2734 conturbatio
880 2678 986 2734 mentis
1007 2697 1055 2737 au·

182 2775 280 2834 fertur.
321 2775 370 2844 Et,
397 2781 429 2831 ut
462 2774 590 2846 eorporis
624 2780 669 2831 eat
696 2775 839 2850 quaestam
863 2781 932 2848 apta
965 2777 1056 2850 figura

184 2877 386 2944 membrorum,
404 2891 471 2932 oum
485 2873 591 2932 eoloris
605 2873 729 2948 quadam
747 2873 917 2959 suavitate,·⁵
932 2892 1055 2950 eaquae

182 3026 833 3147 ,si'ittttitttttttt‘uruttdiuiti?
847 3027 1057 3150 bruttii

180 3148 1056 3269 sibimetipsi:{imbuisti}tributii

182 3267 206 3316 in
226 3281 270 3327 quo
289 3273 365 3328 partes
380 3267 522 3324 dissentiunt,
532 3281 577 3314 uon
596 3267 654 3315 bene
664 3271 689 3314 et
703 3272 758 3326 apte
774 3269 903 3314 cobserent.
914 3266 992 3328 itaque
1004 3282 1056 3316 mox

183 3327 271 3386 qffecta'o
285 3353 294 3362 -
310 3354 316 3360 -
333 3328 527 3374 moestorum
534 3341 612 3384 mou.

213 3404 234 3438 ⁴⁵
252 3405 285 3475 itt
300 3407 371 3476 enirn}
384 3406 462 3476 eddidi
483 3405 520 3454 Ut.
538 3405 591 3469 quia
607 3405 714 3469 requitur,
729 3405 762 3452 a'e
778 3405 947 3454 maturarint
960 3406 1054 3456 ruitur.
1101 3445 1106 3466 .,

182 3477 225 3512 uec
234 3479 294 3512 mem
304 3466 333 3512 eb
342 3471 407 3512 rurtro
416 3466 506 3513 dre-rtur.

184 3543 244 3668 ὦ
251 3544 541 3668 cgqrmauffttiq'qevlhqgidsm
550 3543 604 3595 libri
613 3545 665 3595 add.
677 3551 701 3596 et
710 3513 757 3595 rer..
764 3543 850 3596 sidunt
859 3546 1052 3606 undenarium.

484 3635 493 3664 r
