2548 4208
239 299 304 371 34⁸
482 278 874 356 nmcucacsasnouulu

240 447 429 514 veteremque
457 437 651 498 Academiam
678 439 786 498 hortari
812 439 1020 514 videaturaut
1046 438 1112 500 sine

212 553 217 562 ·
239 538 446 598 retractatione
470 539 559 596 tibere
584 538 683 596 dicere
707 540 857 607 auderent,
878 538 1026 612 sapientes
1046 557 1128 598 esso·

239 656 354 712 semper
367 633 571 714 beatissimon)
585 637 614 694 id
635 637 724 696 velim
739 639 848 706 audire,
868 639 1113 712 quemadmodum

238 738 286 797 llis
299 747 382 812 putes
395 742 623 795 consentaneum
635 755 699 793 esse
714 736 744 794 id
757 738 865 794 dicere.
881 740 973 795 multa
992 739 1071 794 enim
1091 743 1111 796 a

239 842 271 898 te
283 844 385 896 contra
398 837 485 898 istam
504 836 681 893 sententiam
704 836 919 902 dicta-auntet
944 837 1109 894 Stoicorum

238 935 352 996 ratione
365 938 513 994 conctusa.
556 933 599 992 M.
620 935 744 992 Utamur
758 935 845 1009 igitur
865 935 1021 994 libertate:
1052 943 1110 1010 qua

238 1037 324 1096 uobis
346 1035 415 1094 solis
440 1035 473 1092 in
494 1033 678 1106 philosophia
701 1034 772 1094 licet
795 1033 855 1090 uti:
884 1053 1003 1108 quorum
1015 1034 1111 1092 oratio

237 1134 313 1196 nihil
327 1135 390 1208 ipsa
403 1133 528 1208 judicat,
548 1135 598 1190 sed
613 1133 735 1191 habetur
748 1133 778 1192 iu
793 1151 895 1190 omnes
908 1141 1013 1206 partes,
1027 1140 1058 1192 ut
1072 1134 1110 1190 ab

239 1233 306 1292 aliis
317 1232 407 1306 possit
419 1232 482 1305 ipsa
498 1251 548 1304 per
563 1249 637 1299 sese,
651 1233 757 1294 nultius
770 1233 943 1296 auctoritate
963 1235 1114 1306 adjuncta,

232 1331 370 1408 judicari.
385 1337 414 1391 et
423 1331 559 1407 quoniam
574 1331 681 1388 videris
691 1332 748 1388 hoo
761 1333 848 1400 velle,
858 1341 898 1398 ut,
911 1347 1113 1406 quaecumque

238 1431 473 1492 dissentientium
488 1431 723 1503 philosophorum
736 1430 884 1490 sententia
894 1431 933 1488 ait
945 1431 982 1488 dc
993 1431 1113 1502 tinibus,

239 1538 338 1592 tamen
354 1532 444 1590 virtus
458 1532 529 1588 satis
543 1532 649 1590 habeat
663 1531 700 1589 ad
714 1531 806 1588 vitam
827 1532 942 1590 besum
961 1529 1111 1604 praesidii,

237 1631 438 1707 quodquidam
451 1630 633 1688 Carneadem
642 1631 788 1702 disputare
798 1629 915 1686 solitum
925 1630 1110 1703 accepimusa

238 1732 289 1788 sed
305 1731 339 1797 is,
352 1737 383 1786 ut
397 1735 500 1788 contra
513 1729 647 1794 Stoicos,
668 1747 738 1803 quos
759 1727 968 1787 studiosissime
993 1747 1108 1802 semper

237 1828 398 1894 refellebat,
408 1833 438 1886 et
448 1833 550 1884 contra
558 1845 677 1901 quorum
687 1827 873 1900 disciplinam
886 1827 1035 1902 ingenium
1042 1828 1108 1902 ejus

238 1934 405 1996 exarserat3
427 1943 478 1983 nos
502 1927 573 1984 illud
601 1929 718 2002 quidem
739 1945 806 1989 cum
828 1945 900 2000 pace
928 1945 1053 2001 agemus.
1081 1923 1108 1984 si

238 2025 319 2084 enim
336 2026 428 2084 Stoici
443 2027 514 2084 dues
525 2030 662 2084 bonorum
678 2033 756 2084 recte
771 2032 946 2100 posuerunt3
974 2027 1109 2086 contecta

238 2125 286 2182 res
299 2134 360 2182 est:
393 2141 513 2182 necesse
528 2134 571 2182 est
585 2143 698 2200 semper
720 2129 836 2184 beatum
850 2143 914 2184 csse
935 2125 1107 2199 sapientem.

241 2224 300 2284 Sed
315 2241 483 2298 quaeremus
498 2240 726 2300 unamquamque
736 2226 910 2300 reliquorum
923 2224 1111 2290 seutentiam,

239 2322 266 2380 si
284 2323 346 2380 lieri
372 2331 476 2396 potest,
505 2332 534 2380 ut
562 2325 617 2382 hoc
645 2327 824 2398 praectarum
848 2324 929 2398 quasi
958 2326 1111 2381 decretum

239 2422 343 2478 beatae
358 2422 436 2480 vitae
461 2423 550 2496 possit
564 2423 693 2480 omnium
713 2423 921 2490 sententiani
945 2421 1109 2495 disciplinis

187 2527 228 2586 30
239 2521 409 2580 convenire.
452 2525 527 2580 Sunt
554 2530 650 2580 autem
672 2523 726 2579 hae
749 2523 786 2580 de
808 2522 921 2588 tinibus,
946 2528 978 2578 ut
998 2521 1111 2593 opinor,

238 2621 380 2686 retentae,
404 2621 598 2694 defensaeque
617 2621 798 2678 sententiae:
822 2621 943 2694 primum
958 2618 1108 2690 simplices

239 2727 389 2795 quattuor:
425 2723 507 2778 Nihil
531 2723 646 2788 bonum,
673 2721 729 2776 nisi
752 2719 915 2786 honestum,
938 2723 968 2774 ut
995 2717 1111 2774 Stoici:

239 2820 324 2877 Nihil
349 2823 466 2887 bonum,
493 2818 579 2876 ¹⁴uisi
606 2821 749 2893 uoluptas,
774 2823 806 2876 ut
832 2817 988 2890 Epicurus:
1025 2817 1111 2874 Nihil

239 2919 355 2983 bonum,
370 2916 426 2973 nisi
450 2917 580 2974 vacuitas
595 2919 711 2983 doloris,
727 2922 758 2972 ut
782 2916 995 2987 Hieronymus:
1026 2913 1109 2970 Nihil

239 3019 356 3083 bouum,
379 3015 436 3072 nisi
458 3022 576 3072 naturae
599 3016 697 3088 primis
722 3014 806 3071 bonis
828 3017 877 3070 aut
902 3013 1044 3078 omnibus,
1058 3015 1110 3068 aut

239 3115 375 3173 maximis
386 3113 449 3180 isui,
463 3119 494 3170 ut
510 3115 675 3172 Carneades
691 3118 792 3170 contra
808 3113 924 3170 Stoicos
935 3102 1124 3167 disserebat(
1155 3115 1157 3120 ’
1260 3117 1261 3120 ’

241 3215 324 3274 Haec
347 3214 435 3288 igitur
459 3213 621 3286 simplicia:
657 3213 708 3269 illa
736 3213 836 3268 mixta.
893 3211 966 3268 'l'ria
999 3223 1110 3284 genera

270 3369 290 3401 ¹⁴
302 3368 351 3437 ¹nisi
370 3367 502 3423 cuiuplctem
523 3392 532 3401 ·
555 3366 633 3437 guisi
651 3367 799 3428 vacuitatem]
839 3367 886 3414 Mt.
908 3363 982 3434 tiuell.
1003 3364 1111 3421 lezanna,

240 3427 1114 3543 ltttttttt,{titillanttitt„tulatlttttl‘lnlt''litt

241 3544 383 3610 iouumluisi
391 3545 512 3599 honestum,
523 3547 570 3591 sine
585 3545 652 3590 dubio
661 3545 830 3610 intelligendum
841 3549 877 3592 est.
885 3549 936 3598 ‚tum
946 3558 995 3592 cum
1007 3539 1115 3610 lieniissiti

241 3607 265 3647 el
276 3601 368 3648 Daunio
378 3602 454 3649 addidi
463 3604 552 3665 donem
563 3605 671 3666 protracte
682 3603 787 3652 Buheric.
873 3603 877 3615 “
