2558 4198
221 283 287 348 att
470 273 516 329 us
537 275 676 328 urruns
695 273 840 326 uaoaorr

220 431 385 503 multaeque
399 425 536 492 rationes,
550 426 653 503 quibus
667 425 766 484 doceri
781 423 881 500 possit,
894 422 1004 493 omniu,
1018 440 1094 499 quas

222 533 298 586 terra
312 527 469 600 concipiat,
482 527 605 595 semina,
618 542 749 600 quaeque
771 523 834 599 ipsa
849 543 886 582 ex
900 541 932 582 se
952 529 1094 599 generata

221 627 357 701 stirpibus
371 627 461 686 iatius
476 627 688 690 contineatur
708 625 921 699 temperatione
942 623 1048 682 caloris
1062 629 1095 683 el

221 727 300 796 oriri,
323 733 354 786 et
377 743 543 802 augescere.
587 728 685 802 Atque
710 743 802 802 aquae
829 726 919 784 etiam
939 725 1094 783 admistum

222 845 288 886 esse
300 827 438 894 calorem,
453 825 575 901 primum
589 825 652 900 ipse
666 828 768 903 liquor,
782 835 843 884 tum
857 843 949 900 aquae
963 827 1095 884 declarat

222 927 341 986 effusio:
371 943 444 1002 quae
473 945 566 1001 neque
593 926 793 1000 conglaciaret
815 925 976 1000 frigoribus,
999 941 1093 998 neque

222 1029 304 1093 nive,
319 1027 475 1102 pruinaque
490 1032 703 1094 concresceret,
718 1025 774 1083 nisi
788 1026 891 1082 eadem
912 1041 954 1092 se,
968 1023 1094 1081 admisto

222 1128 320 1185 calore
340 1123 505 1202 liquefacta,
527 1131 557 1182 et
577 1125 691 1199 dilapsa
712 1124 895 1183 diffunderet
937 1124 1039 1196 ltaque
1064 1126 1096 1180 ct

221 1224 414 1298 aquilonibus,
439 1219 461 1256 ³⁰
471 1223 644 1299 reliquisque
658 1223 809 1298 frigoribus
828 1221 951 1296 adjectis
965 1221 1096 1280 durescit

221 1323 345 1382 bumorr
379 1329 409 1380 et
435 1319 515 1381 idem'
536 1323 668 1380 vicissim
703 1322 831 1380 mollitur
863 1310 1035 1395 tepefactus,
1063 1326 1095 1378 et

221 1421 347 1480 tabescit
368 1423 475 1481 calore.
519 1424 617 1497 Atque
637 1423 726 1480 etiam
749 1423 840 1480 maris
862 1422 970 1496 agitata
996 1421 1095 1478 ventis

222 1523 442 1597 intepescunt,
464 1526 495 1579 ut
513 1521 638 1596 intelligi
653 1522 741 1579 tacite
757 1519 853 1594 possit,
878 1519 908 1580 io
925 1519 1013 1578 tantis
1034 1521 1096 1578 illis

222 1621 390 1704 humoribus
414 1623 559 1680 inclusum
590 1639 654 1680 esse
687 1624 823 1679 calorem.
849 1597 919 1678 nec*
936 1621 1015 1678 enirn
1043 1620 1096 1682 itte

223 1730 360 1782 externus
385 1729 415 1780 el
442 1723 627 1780 adventicius
663 1723 812 1779 habendus
845 1725 890 1778 est
929 1715 1019 1795 tepor,
1040 1723 1095 1778 sed

222 1841 261 1880 ex
283 1821 395 1880 intimis
410 1822 496 1879 maris
512 1823 639 1895 partibus
654 1821 812 1904 pgitatione
831 1819 996 1879 excitatus:
1017 1821 1095 1895 quod

222 1919 329 1979 nostris
367 1937 480 1995 quoque
514 1921 682 1994 corporibus
717 1921 873 1996 contingit,
903 1938 971 1978 curn
1005 1926 1095 1988 motu,

221 2025 308 2094 atque
341 2017 556 2076 exercitatione
592 2023 784 2078 recalescunt.
840 2019 907 2094 lpse
935 2037 1006 2078 vero
1033 2018 1094 2089 aiir,

221 2120 271 2196 qui
311 2124 414 2177 natura
450 2121 496 2174 est
518 2119 667 2194 ,manime
709 2119 837 2194 frigidus,
878 2118 998 2178 minime
1048 2125 1095 2177 est

221 2235 327 2291 expers
354 2215 469 2275 caloris.
521 2214 542 2248 ⁴⁰
558 2218 613 2275 llla
636 2235 710 2276 vero
728 2223 758 2276 et
786 2222 877 2278 multo
904 2220 1022 2294 quidem
1046 2237 1096 2277 ca·

221 2319 283 2376 lore
301 2315 442 2374 admistus
468 2321 523 2374 est.
544 2315 607 2391 ipse
628 2317 708 2375 euim
731 2317 821 2376 oritur
839 2337 878 2377 ex
904 2320 1095 2392 respiratione

221 2433 366 2490 aquarum.
385 2435 484 2475 earum
498 2417 578 2475 enim
592 2418 672 2492 quasi
688 2436 779 2492 vapor
791 2419 907 2493 quidam
922 2417 974 2476 adr
987 2419 1095 2477 baben-

221 2517 275 2576 dus
299 2522 353 2575 est.
395 2517 424 2575 ia
449 2525 547 2576 autem
574 2517 690 2575 exsistit
715 2523 793 2575 motu
822 2518 884 2591 ejus
905 2519 1020 2586 caloris,
1045 2518 1095 2594 qui

221 2617 303 2692 aquis
317 2615 492 2674 continetur.
535 2617 630 2689 Quam
642 2615 863 2674 similitudinem
883 2634 1005 2675 cernere
1030 2637 1095 2691 pos·

220 2734 318 2776 sumus
333 2717 363 2775 in
378 2717 414 2774 iis
430 2715 521 2790 aquis,
535 2732 609 2790 quae
629 2715 825 2773 effervescunt
844 2714 1000 2774 “subditis
1021 2716 1095 2791 igni·

222 2819 283 2874 bus.
335 2817 403 2872 Jam
433 2833 502 2872 vero
524 2815 633 2890 reliqua
656 2822 756 2890 quarta
782 2833 847 2888 [lars
870 2817 979 2885 mundi,
1003 2835 1039 2874 ea
1063 2822 1095 2876 et

219 2916 284 2990 ipsu
299 2921 360 2973 tota
371 2922 472 2974 natura
486 2915 598 2972 feruida
612 2922 666 2979 est,
679 2921 709 2972 el
721 2917 827 2972 ceteris
837 2916 945 2973 naturis
959 2917 1095 2974 omnibus

219 3017 375 3072 salutarem
393 3015 522 3088 impertit
536 3019 566 3070 et
578 3013 699 3070 vitalem
713 3016 849 3072 calorem.
891 3015 938 3073 Ex
954 3033 1011 3090 quo
1025 3033 1094 3074 con-

219 3113 354 3182 cluditur,
368 3131 435 3173 cum
446 3129 547 3172 omues
558 3113 659 3170 muudi
670 3119 765 3186 partes
775 3113 972 3174 sustineantur
985 3120 1094 3186 calore,

249 3269 273 3302 ³⁹
282 3270 416 3330 reliquique
427 3269 560 3328 snkrrs'icr
568 3268 668 3330 adjectis]
689 3285 738 3315 cnm
749 3268 795 3318 alis
805 3269 887 3341 lriqora
897 3286 1017 3319 accessere.
1049 3273 1095 3320 Sed

218 3329 244 3377 id
254 3328 331 3376 drrrius
342 3331 372 3375 ita
383 3329 520 3392 exprimitur.
553 3330 632 3390 ltaque
640 3329 711 3390 probo
726 3329 784 3377 Mss.
805 3345 843 3391 qur
858 3331 951 3391 odjmtis
968 3333 1093 3380 omittunt:

219 3389 278 3450 quod
289 3389 492 3449 ntiqueredundat.
1097 3410 1100 3430 t

250 3466 271 3498 ⁴⁰
285 3465 329 3512 Ille
338 3483 389 3513 uero
399 3473 418 3514 sl
428 3469 498 3515 multo
508 3467 597 3528 quidem
605 3469 675 3514 solare
703 3483 746 3514 non
756 3468 799 3514 boe
808 3469 890 3530 piaret.
903 3445 1098 3532 quomodocun-

219 3535 279 3582 gam,
291 3527 390 3570 nondum
398 3527 459 3572 venit
470 3527 491 3574 in
503 3534 607 3573 mentem.
640 3528 672 3574 Bu
690 3529 748 3574 erius
759 3526 821 3575 delet
828 3530 868 3576 ills
880 3544 935 3576 raro.
1096 3545 1098 3552 ’

249 3601 268 3632 ⁴¹
284 3601 379 3648 subditis
399 3603 508 3668 ignitae]
541 3607 576 3651 Sic
587 3610 610 3651 st
628 3607 684 3653 Mss.
696 3611 721 3652 et
740 3607 790 3654 edd.
814 3613 869 3653 vett.
902 3607 988 3656 Bouou.
1000 3613 1024 3656 et
1035 3608 1093 3657 Vens

221 3661 284 3708 1⁴94.
298 3659 350 3708 tid.
383 3661 587 3725 Victoriuapriruus
597 3666 716 3727 vulgatum
724 3665 804 3714 subitis
814 3666 892 3716 edidit.
