2552 4208
497 359 761 412 urrunnunrrus,
996 367 1058 430 133

184 528 258 590 quae
266 512 431 586 pervellere
441 513 470 568 te
484 511 604 568 forsitan
620 510 754 585 potuerit,
768 513 953 586 etpungsre:
967 509 989 546 '⁰
998 528 1060 572 nou

184 613 279 686 potuit
291 619 373 670 certe
396 611 473 668 vires
487 609 628 686 frangere.
652 628 758 684 magne
773 610 819 668 vis
840 616 885 670 est
900 613 931 670 in
944 613 1060 673 virtuti·

185 711 248 768 bus.
274 728 325 768 eas
349 710 459 778 excite,
483 711 509 767 si
529 710 603 768 torte
622 710 777 768 dormiunt.
796 711 861 784 jana
888 711 942 770 tibi
966 713 1061 772 ederit

186 809 325 884 princeps
338 809 487 877 tortitudo,
508 807 527 842 ⁷¹
539 827 613 884 quae
628 817 657 868 ta
675 809 774 868 animo
788 815 871 869 tauto
886 829 950 870 esse
964 817 1061 888 cogat,

178 909 344 976 ulomaiu,
364 926 438 984 quae
459 909 571 984 possint
592 909 705 968 homiui
725 910 857 979 evenire,
878 917 1060 981 contemnas,

186 1014 218 1066 at
243 1026 294 1082 pro
321 1007 414 1067 nihilo
437 1016 530 1082 putes.
559 1009 653 1067 aderit
680 1008 885 1094 temperantia,
911 1027 986 1084 quae
1015 1013 1062 1068 est

187 1108 291 1166 eodem
306 1108 481 1177 moderatim
500 1125 576 1166 eme
588 1108 705 1181 quidem
717 1110 816 1182 paullo
829 1112 898 1166 unte
913 1110 1061 1182 appellata

185 1203 359 1280 frugalitusl
383 1213 501 1282 quaele
523 1207 653 1280 turpiter,
667 1212 697 1264 et
718 1206 852 1281 nequiter
871 1207 967 1264 locere
984 1206 1061 1266 nihil
1134 1286 1138 1296 Ι

101 1339 104 1346 »
186 1306 320 1382 patiatur.
363 1306 441 1378 Quid
462 1310 506 1362 est
522 1311 618 1363 autem
641 1305 774 1380 nequius,
787 1313 836 1364 unt
850 1305 1061 1380 turpiuaed'oe·

186 1406 299 1464 nsinato
314 1403 400 1463 viro?
422 1422 460 1462 oe
474 1404 590 1478 justitia
604 1406 719 1479 quidam
734 1404 811 1463 sinet
830 1410 859 1463 te
873 1405 930 1462 iate
942 1406 1059 1464 lacera:

187 1502 269 1584 Fessi
283 1505 436 1562 minimum
457 1520 521 1558 esse
542 1503 659 1560 videtur
671 1503 703 1560 in
716 1504 772 1560 lrac
784 1521 872 1562 causa
886 1505 963 1562 loci:
984 1521 1060 1580 quae

189 1605 289 1660 tameo
303 1601 347 1660 ita
366 1602 456 1668 dicet,
481 1600 637 1674 dupliciter
655 1619 719 1657 esse
734 1606 762 1658 te
777 1603 925 1674 injustum,
939 1619 1006 1660 cum
1028 1605 1062 1661 st

189 1700 318 1758 alienum
348 1707 480 1774 appetas,
504 1699 553 1773 qui
580 1699 709 1755 mortalis
741 1703 836 1766 natus,
860 1700 1061 1762 conditionem

187 1802 317 1874 postules
350 1797 565 1865 immortalium,
593 1802 624 1854 et
650 1798 780 1870 graviter
805 1798 889 1867 leros,
916 1804 956 1868 te,
983 1801 1060 1875 quod

185 1901 325 1958 utendum
336 1897 496 1972 acceperis,
507 1895 675 1954 reddidisse.
717 1898 893 1956 Prudentiae
909 1901 1060 1976 veroquid

187 1999 388 2073 respondebis,
408 1997 530 2064 dicenti,
547 1996 685 2054 virtulem
704 2015 769 2056 sesa
789 2016 854 2056 esse
876 2005 1059 2070 contentam,

187 2117 244 2176 quo
258 2101 345 2158 modo
358 2099 395 2156 ad
417 2101 491 2157 bene
511 2096 680 2164 vivendum,
700 2098 744 2156 sic
759 2104 789 2156 el
803 2099 839 2155 ad
855 2097 964 2158 beuta?
984 2117 1059 2173 quae
1082 2157 1087 2164 ,

186 2198 212 2256 si
224 2199 409 2258 extrinsecus
431 2197 553 2272 religato
575 2199 712 2271 pendeat,
733 2203 764 2256 et
778 2215 837 2256 nou
862 2198 971 2255 oriatur
985 2216 1003 2254 e
1015 2215 1059 2274 ae,

184 2303 215 2356 et
230 2315 322 2356 rursus
337 2299 374 2355 ad
398 2315 430 2354 se
454 2301 625 2363 revertatur,
648 2302 679 2352 et
700 2297 800 2354 omnin
823 2315 874 2354 sua
900 2299 1059 2370 complexa

185 2396 259 2454 nihil
274 2400 393 2469 quaerat
407 2394 541 2452 aliunde:
571 2411 629 2450 uon
650 2394 794 2468 intelligo,
818 2411 871 2452 cur
891 2403 940 2452 aut
961 2395 1059 2452 verbio

187 2483 452 2550 lam'vehementer
466 2493 605 2558 ornando,
618 2497 667 2548 aul
683 2509 713 2547 re
724 2499 877 2565 tantopere
891 2495 1060 2568 expetenda

188 2589 333 2648 videatur.
376 2591 426 2646 Ad
450 2591 524 2648 haec
542 2593 618 2647 bona
640 2607 686 2646 me
711 2589 736 2646 si
765 2607 896 2656 revocas,
921 2593 1060 2663 Epicure.

188 2707 286 2765 pareo,
313 2704 427 2763 aequor,
454 2693 519 2745 utor
539 2693 568 2744 te
592 2688 657 2761 ipso
679 2689 764 2754 duce,
785 2688 946 2746 obliviscor
970 2689 1061 2747 etiam

188 2791 338 2850 malorum,
356 2793 386 2844 ut
393 2786 489 2861 jubes,
501 2804 595 2866 eoque
609 2785 732 2850 facilius,
743 2787 817 2859 quod
830 2805 864 2842 ea
880 2805 916 2843 ne
930 2787 961 2844 in
976 2789 1062 2845 mulia

188 2888 306 2966 quidem
339 2886 475 2960 ponenda
498 2901 615 2942 censeo.
641 2883 692 2939 sed
717 2885 843 2941 traducis
868 2886 1062 2960 cogitationes

185 3005 266 3047 meas
282 2988 320 3044 ad
334 2989 509 3060 voluptates.
525 2981 617 3060 quas?
636 2983 774 3056 corporis,
793 2985 890 3054 credo,
912 2989 961 3043 aut
985 3002 1061 3061 quas

184 3142 242 3250 bea
251 3141 386 3250 metretam
396 3127 470 3200 certo]
502 3139 607 3190 Davisius
612 3143 702 3198 numi.
714 3153 758 3186 sou
772 3138 837 3186 male.
854 3140 892 3188 aed
903 3143 928 3188 el
943 3140 1060 3202 vulgatum
1073 3133 1085 3156 ⁶

214 3281 235 3316 '¹¹
250 3296 305 3340 qsuu
315 3285 334 3328 te
343 3297 363 3327 o.
376 3285 390 3327 l.
403 3294 445 3327 ease
462 3279 532 3340 cogat]
552 3282 613 3336 cogat
622 3277 673 3324 dedi
684 3292 725 3339 pro
735 3282 800 3335 rogel.
820 3293 871 3326 narn
889 3277 922 3325 iss
940 3279 1056 3336 elenantis

183 3341 416 3461 {agnitntzffiglrat
425 3347 449 3386 et
459 3342 527 3386 serius
535 3337 657 3386 orationis:
674 3353 724 3384 narn
736 3335 794 3400 dost.
807 3343 857 3400 post
867 3338 925 3386 idem
935 3339 1015 3398 oderit,
1026 3346 1060 3388 est

215 3477 239 3510 ⁷²
254 3478 292 3524 cui
302 3478 423 3524 minimum
433 3491 451 3523 e.
462 3491 483 3523 u.
494 3477 520 3523 iar
530 3477 570 3522 doc
580 3489 645 3522 rausa
653 3475 722 3538 sawt]
734 3475 804 3522 immo
815 3476 863 3528 oct.
874 3479 899 3522 ul
911 3476 994 3524 habent
1003 3477 1056 3528 edd.

187 3540 243 3582 vett.
254 3537 317 3584 Juut.
332 3537 382 3582 ild.
396 3535 479 3582 Manui
500 3536 560 3594 loqui
570 3551 583 3580 e
593 3536 649 3581 Mss.
662 3535 719 3581 Pell.
730 3543 841 3581 revocavit
853 3537 971 3586 Gruterus.
1004 3539 1058 3586 Scu-

186 3609 222 3642 sus
231 3601 272 3650 est,
284 3597 343 3652 cuius
353 3595 448 3646 officium
455 3595 485 3642 ud
495 3596 553 3643 hauc
561 3607 649 3640 causam
660 3607 703 3641 uon
712 3595 801 3642 videtur
810 3597 929 3658 perlitatore.

226 3693 361 3734 sonus.
486 3711 489 3715 -
582 3675 670 3731 12<
