2558 4198
242 297 306 360 312
491 285 536 338 DE
557 279 695 336 nunnus
715 284 862 336 nnowltt

240 445 338 499 sutem
376 439 422 495 est
455 435 530 495 istun
557 433 736 514 grudstinrt]
770 435 922 496 sumsisses
954 441 1005 497 tuo
1019 455 1022 462 ’
1037 438 1117 513 jure.

240 542 351 601 Nsms
370 537 462 596 bostis
476 538 514 594 ml
529 537 675 602 virtutem,
688 554 706 592 e
721 536 828 595 virtute
849 539 887 597 sd
910 536 1055 596 ustionem
1070 539 1116 597 vi·

240 641 297 698 deo
322 645 352 696 te
380 637 498 694 venisse
518 636 660 710 gradibus
704 639 733 694 A
759 637 872 694 rstione
895 637 933 694 sd
957 638 1115 696 humanum

240 739 359 814 figurem
374 754 430 812 quo
445 737 529 792 modo
543 737 661 792 secedis
673 731 685 792 ¹?
705 735 898 808 praecipitare
907 735 983 794 istun
997 735 1115 810 quidem

239 845 294 906 est,
309 855 367 894 non
381 835 569 893 descendere.
612 835 640 891 N
643 852 678 892 en
693 851 764 892 vero
782 835 928 910 intelligo,
942 852 994 894 our
1008 837 1116 894 melue-

239 937 276 998 rit
291 937 433 1010 Epicurus
448 937 519 992 risos
535 933 682 992 hominum
706 934 818 992 similes
841 933 951 1003 dicere,
965 953 1050 1011 qusm
1064 935 1114 992 lro-

239 1039 334 1096 miues
361 1037 489 1094 deorum.
542 1034 682 1105 Quaeres,
706 1033 775 1107 quid
804 1032 929 1090 intersit.
973 1035 1006 1091 Si
1033 1033 1114 1092 enim

239 1137 296 1196 lroe
316 1136 361 1193 illi
374 1134 469 1192 simile
490 1133 538 1198 sit,
565 1149 629 1189 esse
654 1131 814 1196 illudnuio
830 1134 928 1190 video.
955 1133 1031 1190 vSed
1055 1133 1113 1191 hoo

239 1235 317 1302 dico,
342 1253 401 1292 non
416 1236 453 1288 sb
478 1231 642 1290 hominibus
666 1231 775 1288 formse
800 1232 919 1306 figurem
943 1232 1060 1289 venisse
1075 1233 1115 1290 sd

238 1335 318 1392 deos.
333 1332 375 1388 dii
387 1332 467 1388 enim
481 1348 595 1404 semper
609 1330 734 1397 luerunt,
748 1336 779 1388 et
794 1331 856 1388 nati
868 1347 1022 1404 numquam
1032 1335 1115 1399 sunt,

238 1431 265 1491 si
286 1417 401 1506 ouidem
415 1430 528 1488 oeterni
552 1434 619 1486 sunt
645 1428 789 1499 tuturisst
804 1430 934 1486 homines
954 1428 1112 1487 satiante

238 1532 326 1609 igitur
340 1533 465 1588 humens
477 1530 576 1596 torma,
597 1546 682 1604 quom
706 1527 850 1598 homines,
869 1527 890 1560 ¹⁸
897 1547 942 1596 ea,
956 1546 1011 1604 qun
1026 1533 1112 1588 ersnt

239 1629 357 1712 [forms]
378 1630 419 1688 dii
439 1630 625 1687 immortales.
643 1666 648 1676 ·
667 1629 737 1685 Non
751 1645 821 1702 ergo
835 1628 961 1695 illorum,
984 1628 1112 1686 humana

238 1733 338 1797 torma,
360 1732 412 1788 sed
437 1739 546 1796 nostra,
559 1727 663 1786 divina
682 1727 808 1785 dicenda
824 1732 879 1784 est.
920 1728 1032 1784 Verum
1053 1729 1109 1785 hoe

238 1833 365 1908 quidem,
388 1834 420 1886 ut
445 1830 566 1886 voletis:
587 1828 660 1885 illud
680 1843 797 1902 quaero,
817 1843 891 1901 quae
912 1826 998 1884 tuerit
1026 1832 1110 1886 tants

237 1930 360 1986 fortuna.
376 1929 449 1986 nihil
476 1927 556 1984 enim
578 1927 609 1984 in
630 1943 724 1984 rerum
738 1932 839 1984 nature
858 1926 971 1984 ratione
999 1927 1109 1984 t'setum

237 2045 302 2086 esse
316 2027 414 2083 vultis.
456 2027 516 2084 Sed
532 2032 628 2083 tomen
642 2025 705 2100 quis
716 2025 771 2082 iste
786 2030 882 2094 tantus
897 2042 981 2082 ossus
996 2022 1008 2084 l
1025 2025 1107 2083 unde

238 2133 298 2186 tum
321 2125 392 2183 telin
416 2141 572 2183 coneursus
592 2131 761 2194 atomorum,
782 2130 813 2182 ut
834 2133 954 2197 repente
975 2125 1108 2182 homines

237 2228 355 2284 deorum
369 2226 459 2282 torma
470 2230 658 2282 nascerentur
672 2223 684 2282 l
704 2225 816 2282 semina
829 2226 949 2282 deorum
962 2225 1107 2284 decidisse

237 2327 274 2383 de
299 2327 384 2382 eaelo
396 2325 427 2381 in
443 2330 532 2381 terras
554 2329 695 2397 putemus,
717 2329 748 2381 sl
768 2325 813 2382 sin
835 2325 969 2382 homines
994 2331 1108 2398 potrum

237 2424 345 2481 similes
359 2419 533 2481 exstitisse?
554 2426 662 2481 vellem
682 2423 838 2480 diceretis:
859 2425 978 2482 deorum
999 2441 1107 2500 eogun-

237 2522 346 2581 tionem
370 2541 558 2600 agnoscerem
572 2541 630 2580 non
645 2521 765 2580 invitus.
809 2523 891 2580 Nihil
914 2527 972 2581 lsle
986 2524 1106 2583 dicitis:

236 2625 288 2680 setl
299 2641 367 2681 essu
382 2641 445 2680 esse
456 2623 573 2688 tactum,
588 2628 618 2679 ut
632 2624 749 2679 deorum
761 2620 871 2680 similes
884 2639 1033 2680 essemus·
1066 2623 1107 2680 nt

236 2741 315 2781 nune
329 2727 498 2798 argumento
511 2721 676 2796 quaerenda
698 2726 773 2787 sunt,
794 2721 896 2795 quibus
917 2721 973 2778 hoc
995 2721 1106 2779 seselis·

235 2821 301 2881 lur?
321 2824 432 2880 utinam
453 2829 512 2878 tum
532 2820 620 2879 lueile
634 2838 704 2878 vers
723 2819 859 2878 invenire
887 2821 1003 2893 possim,
1017 2837 1104 2896 quam

176 2911 306 2980 '33sslss
318 2922 506 2980 convincere.
547 2920 665 2978 Etenim
679 2917 854 2976 enumerasti
880 2919 1054 2985 memoriter,
1073 2922 1104 2978 et

235 3021 353 3096 copiose
373 3018 418 3096 (ut
440 3019 512 3080 mihi
534 3019 650 3093 quidem
664 3017 800 3076 admirari
815 3019 927 3086 liberet,
941 3019 971 3076 in
987 3017 1105 3076 homine

235 3139 299 3178 esse
321 3122 453 3177 ltomsno
467 3124 578 3176 tantam
598 3114 766 3194 scientiam)
786 3135 907 3192 unques
929 3118 1026 3174 'Phole
1049 3116 1105 3174 Mi·

234 3222 308 3279 lesio
329 3221 365 3276 de
393 3226 494 3276 ustura
514 3219 633 3275 deorum
660 3216 896 3291 philosophorum
928 3216 1103 3274 sententies.

234 3374 310 3436 empli,
320 3374 395 3434 inquo
410 3373 433 3420 id
445 3373 545 3420 indoctus
554 3370 655 3418 dominns
664 3370 790 3433 scripserat.
801 3370 862 3418 uneis
872 3369 956 3418 inclusi.
979 3367 1105 3418 ‘Feeeiols-

233 3439 272 3534 tus!
280 3434 302 3480 in
314 3433 405 3536 innomi
414 3433 443 3480 de
453 3433 529 3480 sorite
539 3431 608 3478 verbs
616 3431 726 3478 mmsissss
735 3429 834 3489 trojus:
843 3430 907 3492 ponit
916 3435 970 3478 sote
979 3430 1036 3478 lssec
1048 3430 1105 3490 quid

232 3504 262 3535 nn
274 3506 314 3544 ern,
324 3506 338 3536 e
349 3507 368 3538 c.

263 3567 283 3602 ¹³
298 3581 329 3627 es,
340 3583 383 3628 qus
392 3571 537 3629 smntsrrrrso
546 3571 569 3619 d.
578 3569 607 3631 l]
615 3569 695 3627 sorum
703 3568 823 3638 delendum
831 3571 894 3630 puto.
