2558 4198
224 321 288 383 aaa
474 310 519 364 aa
538 309 679 366 aaroni
699 311 844 368 uuonan

224 463 351 542 quinque
365 477 426 530 eos,
439 461 489 538 qui
503 463 534 522 in
558 467 652 526 stellis
667 467 751 542 vagis
775 467 984 528 nominantur:
1005 483 1107 545 naum,

225 564 274 640 qui
289 581 327 620 ex
342 561 475 620 omnibus
497 565 651 631 sideribus,
665 585 739 638 quae
764 567 854 626 infixa
868 571 953 627 eaelo
975 579 1050 640 sunt,
1063 591 1104 632 ex

224 661 362 735 dispersis
377 663 459 737 quasi
481 664 620 721 membris
635 666 762 738 simplex
789 667 827 724 sit
851 670 995 742 putandus
1015 672 1102 727 deus:

224 764 389 836 septimum,
420 763 519 819 Solem
547 764 699 838 acijurrgit:
730 773 938 840 octavamque,
966 769 1103 826 Lunam:

223 863 274 938 qui
289 880 345 936 quo
359 877 444 919 sensu
461 862 538 919 beati
553 881 617 920 esse
633 863 757 935 possint,
773 866 900 938 intelligi
917 883 974 923 non
997 871 1101 940 potest.

223 959 271 1021 Ex
287 964 389 1018 eadem
406 962 536 1018 Platonis
552 963 656 1018 sobole
681 965 822 1021 Ponticus
849 941 1022 1026 Heraclides
1037 983 1103 1039 pue·

223 1060 324 1120 rilibus
337 1062 443 1119 salrulis
467 1063 578 1119 retersit
605 1063 713 1119 libros:
733 1069 763 1120 et
789 1069 887 1119 tamen
908 1066 995 1122 modo
1020 1083 1100 1122 mun-

144 1183 150 1192 ·
222 1162 302 1228 (lum,
331 1169 390 1220 tum
414 1169 541 1219 mentem
561 1162 695 1218 divinam
721 1179 787 1218 esse
811 1168 912 1234 putat:
941 1141 1101 1221 errantibus

223 1262 314 1319 etiam
327 1261 419 1316 stellis
433 1261 621 1316 divinitatem
644 1260 754 1322 tribuit,
769 1279 914 1334 sensuque
936 1263 1022 1318 deum
1046 1261 1103 1334 pri·

221 1367 285 1427 vat,
298 1365 328 1416 et
342 1359 403 1430 eius
417 1357 548 1423 turmam,
564 1359 733 1414 mutabilem
749 1377 814 1415 esee
837 1362 917 1416 vult:
939 1361 1099 1434 eodemque

221 1458 253 1518 in
270 1460 342 1515 libro
356 1475 449 1514 rursus
464 1463 579 1522 terram,
594 1465 624 1514 et
639 1460 754 1514 caelum
772 1459 859 1514 reteri
874 1459 902 1514 in
918 1461 997 1514 aleos.
1031 1459 1099 1516 Nea

221 1577 293 1617 vero
329 1555 528 1627 'Plreoplrrasti
562 1556 759 1614 inconstantia
787 1557 904 1613 terenda
933 1562 988 1612 est.
1011 1559 1099 1615 modo

220 1659 300 1718 enim
315 1658 406 1715 menti
428 1654 560 1712 divinum
576 1655 676 1712 tribuit
696 1656 910 1727 principatum
933 1659 1020 1713 morlo
1034 1674 1099 1714 eae·

219 1760 265 1818 lo:
287 1765 346 1816 tum
362 1764 458 1813 autem
472 1757 578 1830 signis,
589 1757 788 1829 sideribusque
801 1759 988 1812 caelestibus.
1031 1759 1056 1813 N
1062 1773 1097 1815 ec

126 1858 128 1867 '
219 1859 380 1916 audiendus
404 1857 465 1929 ejus
486 1859 599 1916 auditor
615 1864 722 1923 strato,
737 1859 761 1913 is
776 1859 823 1930 qui
841 1859 979 1932 physicas
994 1862 1092 1932 appel·

218 1959 314 2016 latur:
335 1957 383 2031 qui
395 1973 510 2013 omnem
526 1957 586 2012 vim
600 1957 731 2014 divinam
755 1957 784 2013 in
809 1967 909 2015 natura
930 1959 1016 2014 sitam
1032 1975 1096 2016 esse

217 2061 329 2122 oenset,
342 2072 528 2129 quaeaausas
543 2042 692 2128 gignendi,
718 2058 853 2129 augendi,
870 2056 1019 2114 minuendi
1043 2059 1095 2114 ba·

168 2152 301 2213 laneam
322 2157 372 2212 sed
385 2155 573 2212 oareatomni
594 2173 692 2218 sensu,
706 2163 734 2211 et
750 2157 849 2230 ligura.
893 2156 979 2212 Zeno
993 2163 1094 2215 autem

215 2253 332 2332 (utjam
344 2254 381 2311 ad
396 2260 516 2319 vestros,
532 2255 633 2320 Balbe,
653 2251 783 2330 veniam)
804 2257 974 2312 naturalem
992 2258 1095 2330 legem,

215 2355 348 2412 divinam
362 2372 425 2410 esse
439 2358 550 2422 censet,
561 2371 682 2428 eamque
698 2354 758 2410 vim
783 2347 916 2411 obtinere
947 2360 1025 2411 recta
1042 2356 1095 2412 im·

216 2461 376 2529 perantem,
404 2455 663 2529 prohibentemque
694 2453 850 2510 contraria.
883 2472 970 2528 quam
999 2456 1095 2527 legem

167 2536 169 2539 ⁵
216 2556 358 2630 quomodo
372 2555 481 2612 efficiat
505 2555 695 2618 animantem,
718 2553 888 2626 intelligere
909 2571 971 2609 non
998 2571 1095 2626 prossu-

215 2672 286 2713 mus.
330 2656 426 2711 Deum
451 2659 547 2712 autem
562 2652 742 2709 animantem
756 2660 837 2708 certe
854 2655 988 2708 volumus
1012 2668 1088 2708 esse.

217 2755 315 2828 Atque
331 2753 378 2810 bio
401 2753 481 2809 idem
509 2739 567 2809 ¹alio
592 2755 658 2809 loeo
680 2753 799 2808 aethera
818 2749 937 2807 ⁸¹deum
961 2750 1044 2814 dicit,
1059 2749 1086 2807 si

215 2851 341 2926 intelligi
364 2857 458 2924 potest
473 2851 545 2908 nibil
560 2852 691 2909 sentiens
705 2852 786 2914 deus,
796 2849 846 2924 qai
868 2866 1022 2922 numquam
1040 2865 1091 2905 no·

214 2952 259 3009 bis
290 2951 416 3008 ooourrit
448 2969 541 3026 neque
566 2950 597 3008 in
622 2950 765 3023 precibus,
792 2965 886 3023 neque
913 2949 944 3004 in
969 2948 1089 3022 optatis,

214 3068 308 3126 neque
323 3049 353 3107 in
370 3050 453 3107 volis.
498 3049 575 3108 Aliis
596 3057 693 3106 autem
709 3048 789 3105 libris
807 3045 829 3080 ’Β
840 3047 983 3105 rationem
996 3064 1085 3122 qaan-

214 3149 290 3218 dam,
315 3166 506 3223 peromnem
531 3155 663 3205 naturam
690 3165 784 3205 reram
799 3147 1004 3221 pertinentem.
1025 3145 1086 3204 “ut
1171 3168 1173 3171 ·

243 3303 267 3336 ⁸²
281 3302 431 3364 mundicia]
464 3301 545 3362 Vulgg.
566 3302 651 3350 addunt
670 3317 721 3362 erre,
741 3303 801 3366 quod
820 3317 870 3350 cum
889 3301 984 3352 Dat-irio
1002 3300 1085 3359 delevi,

213 3361 278 3409 abest
287 3369 310 3407 et
320 3378 334 3407 a
346 3363 372 3409 M
376 3378 392 3407 s.
404 3362 478 3408 Guell,

242 3439 266 3471 ⁸³
280 3441 389 3487 rationem
399 3441 447 3502 qm]
466 3440 481 3486 i.
493 3455 512 3487 e,
525 3445 629 3495 mentem,
642 3441 751 3500 spiritum,
762 3445 787 3489 ut
797 3457 837 3490 nos
851 3441 954 3489 dicimus.
973 3445 1020 3486 tum
1031 3438 1085 3486 dedi

213 3511 299 3544 ornnem
316 3504 422 3545 naturam
439 3515 524 3555 remam,
544 3501 702 3561 praeparatum,
720 3507 744 3548 ut
757 3501 870 3554 Davisius,
882 3502 935 3562 quia
947 3514 1035 3560 semper
1053 3498 1085 3545 sic

213 3557 302 3612 Cicero,
313 3558 343 3602 aie
354 3566 462 3604 tamenet
475 3560 550 3606 lamb.
560 3558 583 3606 in
594 3559 641 3607 Me.
653 3562 735 3620 reperit
746 3566 814 3622 atque
824 3561 905 3607 edidit.

242 3635 266 3670 ⁶⁴
279 3639 305 3682 ot
313 3636 415 3683 divinem
433 3651 477 3685 esse
492 3640 602 3700 qffeemm]
619 3641 663 3688 boe
681 3641 767 3689 nullum
780 3653 866 3690 marum
885 3640 976 3703 lrabere¹
987 3637 1087 3685 ridetur.
