2538 4188
460 350 562 399 LlBER
580 349 759 400 SECUNDUS.

155 501 176 536 ²
187 503 282 578 Quem
295 502 384 576 louge
397 505 563 574 serpentem
577 505 608 557 et
623 503 790 558 manantem

190 686 261 700 -
272 657 415 725 adspicies,
428 671 592 724 proceraque
605 654 702 707 Vincla
713 653 828 715 ridebis,

191 747 270 804 Quae
283 750 403 802 retinent
411 745 502 799 Pisces
511 745 655 798 caudsmm
667 761 683 797 a
696 749 773 812 parte
787 745 884 796 locata.

192 836 259 888 lude
273 835 368 904 Nepae
387 851 481 888 cernes
498 839 611 902 propter
622 835 749 904 fulgentis
767 848 888 894 acumen,

192 925 284 986 Aram,
297 943 377 996 quam
385 927 450 979 flatu
463 925 617 994 permulcet
624 926 734 995 spiritns
747 922 841 975 austri.

160 1076 282 1150 Propter
300 1095 372 1152 quae
388 1079 552 1136 Centaurus

172 1277 174 1284 .
192 1231 282 1293 Cedit,
297 1231 365 1302 Equi
379 1239 470 1298 partes
483 1247 629 1300 properans
647 1231 849 1297 assubmcrgere
862 1228 956 1280 chelis.

193 1320 249 1376 Hic
257 1323 383 1374 dostram
397 1337 517 1389 porgens,
530 1321 681 1390 quadrupes
693 1335 746 1390 qua
758 1324 834 1370 rasta
842 1322 960 1377 tenetur,

184 1411 309 1469 Tendit,
323 1418 353 1465 et
364 1412 497 1463 illustrem
510 1413 678 1463 tmculeutus
696 1410 719 1442 ²⁴
728 1408 801 1460 cedit
821 1407 854 1460 ad
866 1423 949 1467 aram,

193 1501 248 1556 Hic
260 1517 319 1554 sese
337 1504 360 1536 ²⁵
369 1499 479 1553 internis
497 1500 531 1552 de
544 1501 666 1566 partibus
678 1499 760 1567 erigit
776 1497 889 1566 Hydra:

158 1661 240 1738 cujus
254 1663 341 1735 longe
355 1676 459 1733 corpus
470 1663 513 1715 est
527 1657 640 1727 insursu

196 1823 226 1875 ln
236 1823 379 1894 medioque
393 1824 450 1875 sinu
464 1821 567 1890 fulgens
580 1819 694 1873 Cratera
705 1820 819 1872 relucet.

195 1913 354 1967 Extremam
367 1915 456 1966 nitens
469 1914 591 1978 plumato
602 1926 714 1979 corpore
726 1910 827 1964 Corvus

194 2003 293 2058 Rostro
306 2003 413 2056 tundit:
432 2009 462 2055 et
472 2003 516 2054 hic
528 2002 650 2055 Geminis
663 2007 706 2055 est
716 2003 763 2054 ille
773 2003 822 2054 sulr
834 2001 899 2067 ipsis

193 2093 388 2155 Ante-Canem,
402 2092 483 2162 Grujo
493 2081 613 2162 Procyon
625 2094 670 2162 qui
683 2097 791 2146 nomine
804 2092 899 2145 fertur.

160 2265 245 2322 Haec
259 2265 354 2322 omnis
368 2264 526 2335 descriptio
536 2265 672 2332 siderum,
685 2271 771 2340 atque
786 2264 835 2322 hic
847 2269 944 2322 tantus
953 2265 1032 2322 coeli

160 2366 287 2423 ornatus,
314 2378 352 2414 ex
369 2361 535 2430 corporibus
550 2361 607 2414 huc
632 2365 662 2413 et
684 2361 764 2426 illuc,
788 2379 857 2418 casu
878 2369 908 2420 et
922 2369 1031 2422 temere

160 2455 429 2512 ”concursantibus
456 2454 581 2526 potuisse
596 2454 681 2519 effici,
696 2455 830 2528 cuiquam
852 2475 924 2514 sano
939 2461 1033 2518 videri

162 2550 279 2630 potest?
300 2559 350 2610 aut
365 2569 434 2612 vero
455 2552 513 2609 alia
533 2570 607 2626 quae
619 2558 729 2622 natura,
750 2554 857 2610 mentis
871 2557 1032 2614 strationis

161 2671 278 2728 expers,
289 2653 365 2710 haec
377 2652 491 2710 efficere
506 2651 608 2726 potuit,
622 2669 763 2729 quaenon
778 2655 864 2712 modo
875 2659 906 2712 ut
921 2655 1032 2726 tierent,

191 2829 216 2864 ²²
230 2829 303 2882 Quem
318 2827 399 2892 bruge]
431 2827 536 2876 SicMss.
557 2827 626 2874 etiam
646 2827 720 2876 Guell.
739 2834 763 2876 et
780 2829 876 2948 eddstpr.
899 2830 1032 2878 recentiores

160 2903 233 2950 pssum
242 2905 306 2950 quem
316 2891 411 2936 refertur
420 2889 448 2934 ad
451 2887 550 2947 fluuius,
561 2887 620 2948 quod
631 2889 721 2934 verbum
731 2889 789 2936 latet
798 2890 820 2935 ln

159 2949 227 3010 plura
237 2948 362 3006 hujusmodi
372 2953 425 2995 sunt
432 2949 491 3010 apud
503 2956 590 2994 veteres
598 2947 696 2994 Graecos
705 2953 729 2994 et
738 2949 840 2996 Latinos,

191 3027 215 3060 ²³
229 3030 368 3086 submergere
385 3027 468 3088 caetu]
500 3027 537 3074 stc
549 3027 595 3074 Ms.
605 3027 679 3074 Guell.
691 3033 714 3073 et
724 3029 774 3074 edd.
788 3028 929 3084 recentiores,
940 3033 964 3074 at
975 3033 1032 3078 vett.

161 3087 221 3135 cem.
233 3087 304 3132 ciclus
314 3091 364 3132 runt
381 3085 440 3147 apud
453 3090 554 3134 Aratum.
586 3087 630 3134 Pro
639 3087 779 3146 submergere
798 3088 855 3134 Mss.
874 3088 964 3148 quidam
983 3090 1033 3135 sut·

154 3146 264 3205 jungere,
272 3147 332 3207 quod
341 3146 425 3207 recepit
435 3145 545 3193 Davisius.
578 3147 657 3193 Sensus
667 3151 700 3192 est
711 3147 769 3192 idem
780 3147 903 3206 invulgata
914 3147 1016 3194 lectione.

191 3225 214 3259 ²⁴
228 3226 285 3273 cedit
293 3225 325 3273 nd
332 3227 406 3289 nrum]
422 3226 511 3290 reposui
528 3226 590 3273 cedit.
603 3225 617 3271 i.
629 3239 649 3272 e.
662 3225 732 3282 vadit,
743 3227 855 3288 provulg.
874 3226 967 3274 caedite
983 3227 1030 3275 Ms.

162 3283 237 3334 Guell.
249 3286 281 3332 sic
289 3285 406 3346 legendum
417 3301 464 3334 esse
474 3285 528 3333 mihi
539 3299 626 3347 semper
641 3285 712 3332 usum
723 3291 764 3332 cst.

191 3365 214 3397 ²⁵
227 3365 362 3424 interclude
375 3366 486 3427 partitur]
502 3366 536 3413 de.
557 3379 620 3426 proc
638 3364 689 3411 dedi
704 3379 753 3412 cum
771 3363 872 3412 Darisio.
891 3364 922 3413 sic
940 3369 963 3412 et
983 3365 1030 3416 Ms.

162 3422 235 3470 Grsell.
247 3430 271 3470 et
280 3424 332 3471 edd.
344 3429 398 3471 vett.

191 3502 214 3534 ²⁶
229 3503 429 3563 concursantibus]
463 3501 567 3549 Davisius
577 3517 590 3549 e
602 3503 660 3551 Mss.
670 3501 799 3606 pathissum
810 3503 873 3550 dedit
884 3505 1032 3561 rrsrsnntilrur,

65 3570 68 3576 '
163 3559 269 3620 quianon
280 3561 429 3608 sermositde
444 3561 524 3607 atomis
534 3563 673 3609 concursanti
690 3577 722 3616 us,
735 3568 760 3608 ut
774 3577 845 3626 supra.
858 3565 929 3612 sedet
943 3579 1034 3612 concur

162 3631 212 3665 scre
222 3633 264 3680 pro
273 3635 362 3667 cursare
369 3621 456 3669 dicitur.
466 3635 488 3668 s.
500 3621 577 3668 Clanis
587 3621 608 3667 in
617 3635 755 3670 cmrsursure.

200 3718 272 3758 von.
294 3711 347 3759 xv.
584 3705 621 3758 33

846 2903 921 2937 umen.
931 2889 1034 2950 exempla
