3354 4234
697 329 797 380 istm
810 329 942 380 ramus.
1207 337 1252 400 45

381 477 521 538 violanda
533 477 648 537 fraudes
662 477 859 552 inexpiabiles
873 476 1089 553 concepissent,
1110 476 1149 537 iis
1170 478 1251 538 deri

380 598 431 637 uns
451 580 595 655 quoddam
609 577 665 635 iter
688 595 763 646 esse,
778 580 956 636 seclusuma
981 578 1110 636 concilio
1122 579 1250 638 deorum.

381 679 430 754 qui
446 683 544 736 autem
558 696 590 735 se
602 677 741 752 integros,
751 681 903 752 culosque
917 677 1125 744 servavissent,
1137 678 1251 752 quibun-

378 793 435 851 que
448 775 551 835 luisset
575 774 696 834 minima
709 793 778 834 cum
789 775 956 850 corporibus
970 777 1117 852 contagio,
1129 793 1252 851 seseque

380 876 419 932 ab
433 874 478 932 his
491 893 606 949 semper
628 880 830 944 revocassent,
852 881 1008 951 essentque
1028 876 1061 933 in
1083 875 1250 950 corporibus

380 973 515 1032 humanis
529 974 622 1032 vitam
636 974 743 1032 imitati
758 975 877 1032 deorum
889 996 896 1032 :
917 975 963 1034 his
977 977 1013 1034 ad
1027 976 1102 1045 illos,
1114 993 1133 1032 a
1147 976 1254 1049 quibud

380 1079 479 1130 essent
500 1072 631 1146 protecti,
652 1073 777 1131 reditum
799 1073 917 1132 tacitom
939 1079 1047 1147 patere.
1103 1075 1149 1131 lta
1172 1090 1254 1131 corne

380 1178 530 1240 memorat,
554 1177 586 1229 ut
605 1173 705 1247 cygni,
726 1171 777 1248 qui
801 1189 860 1231 non
885 1173 949 1231 sine
972 1190 1062 1231 causa
1083 1169 1251 1246 ”Apollini

378 1269 470 1328 dicati
497 1271 566 1340 sint,
592 1273 646 1329 sed
672 1273 749 1347 quod
776 1274 814 1330 ab
839 1289 876 1330 eo
902 1272 1116 1331 divinationem
1143 1273 1250 1330 habere

379 1370 545 1439 videantur,
563 1386 622 1445 qua
644 1371 833 1445 providentes
853 1371 921 1448 quid
941 1372 973 1430 in
993 1381 1085 1430 morte
1109 1371 1179 1430 boni
1202 1370 1252 1440 sit,

379 1484 448 1525 eum
461 1474 551 1526 cantu
570 1474 601 1525 et
622 1473 773 1542 voluptate
797 1471 975 1529 moriantur:
1005 1473 1049 1528 sic
1072 1471 1206 1530 omnibus
1219 1471 1251 1528 et

378 1565 474 1634 bonis,
500 1570 530 1623 et
554 1566 651 1624 doctis
670 1585 735 1624 esse
758 1568 935 1628 delendum.
960 1587 1017 1628 nec
1038 1588 1109 1628 vero
1127 1573 1165 1628 de
1192 1571 1254 1630 hoe·

379 1665 530 1738 quitquam
543 1665 675 1724 dubitare
690 1672 796 1741 posset,
819 1665 876 1726 nisi
889 1667 967 1726 idern
989 1669 1072 1726 nobis
1093 1667 1254 1740 accideret,

378 1760 536 1836 diligenter
547 1763 584 1820 de
597 1759 696 1821 animo
709 1763 916 1838 cogitantibus,
928 1759 950 1797 ²³
959 1763 1036 1842 quod
1045 1761 1082 1825 iis
1096 1781 1184 1844 saepe
1197 1785 1251 1831 usn

381 1861 476 1928 venit,
487 1862 536 1937 qui
549 1863 733 1922 cumscriter
745 1864 839 1923 oculis
852 1865 1039 1926 deficientem
1053 1870 1143 1927 solem
1157 1868 1250 1934 intue-

377 1966 484 2026 rentur,
498 1965 531 2019 ut
541 1962 712 2035 adspectum
725 1964 847 2022 omuino
858 1964 1043 2024 amitterent:
1057 1965 1079 1999 ²
1088 1968 1131 2026 sic
1143 1969 1250 2030 mentia

377 2059 460 2116 acies
471 2060 568 2134 seipsa
580 2061 706 2130 intuens,
720 2080 937 2138 nonnumquam
951 2067 1101 2139 hebescit,
1121 2069 1159 2126 cb
1173 2086 1249 2129 eam·

377 2176 434 2233 que
460 2177 578 2218 caumas
604 2162 823 2236 contemplandi
857 2164 1042 2240 diligentiam
1079 2167 1247 2228 amittimus.

378 2257 480 2333 Itaque
500 2259 645 2328 dubitans,
666 2260 923 2336 circumspectans,
946 2265 1103 2336 haesitans,
1126 2265 1249 2331 ¹'multe

377 2359 501 2414 adversa
525 2365 686 2428 revertens,
708 2357 885 2437 ”umquam
907 2363 938 2420 iu
960 2369 1032 2435 rate,
1052 2365 1083 2426 in
1104 2367 1176 2425 mari
1195 2369 1249 2428 im-

376 2471 487 2523 menso,
501 2463 600 2516 nostra
613 2458 730 2516 vehitur
741 2462 844 2520 oratio
887 2463 946 2520 Sed
960 2465 1034 2523 haec
1048 2470 1079 2523 et
1092 2471 1202 2537 vetera,
1216 2473 1248 2528 ct

376 2553 545 2612 aGraecis.
588 2555 665 2616 Cato
686 2563 783 2618 sutem
797 2560 840 2618 sic
854 2559 929 2620 abiit
950 2563 1055 2634 evita,
1075 2569 1107 2624 nt
1127 2584 1247 2628 causam

377 2653 522 2706 moriendi
548 2661 668 2708 uectum
694 2675 727 2709 so
753 2677 818 2712 eene
844 2661 991 2730 gauderet.
1044 2658 1139 2719 Vetat
1166 2663 1247 2724 enim

404 2803 428 2836 ⁹⁴
437 2803 540 2859 Apollini
548 2803 635 2863 diruti]
648 2804 695 2853 Μι.
707 2805 781 2853 (duell.
790 2808 877 2854 edicmd
888 2808 992 2858 librarius
1000 2812 1072 2859 votuit
1080 2814 1135 2862 dare
1141 2815 1246 2867 dediscit.

406 2881 429 2914 ²⁵
441 2881 501 2986 guod
516 2882 547 2928 iis
562 2897 623 2940 saepe
639 2897 684 2931 usa
700 2887 768 2936 uenit.
784 2891 825 2932 not
842 2901 901 2944 cum,
919 2891 975 2951 ele]
1006 2889 1105 2941 Primum
1124 2909 1167 2956 pro
1185 2896 1247 2944 oepit

375 2939 440 3000 legen
457 2955 493 2987 um
501 2942 605 2989 ueniret.-
618 2949 664 2991 turn
676 2958 726 2991 mm
735 2945 855 2992 delendum
864 2951 905 2994 est.

374 3019 390 3070 t·
405 3019 429 3051 Μ
443 3020 474 3065 sic
489 3046 497 3056 -
512 3043 522 3054 ·
543 3020 644 3083 telaria]
665 3024 755 3070 omnino
770 3027 822 3071 tota
839 3027 913 3073 oratio
930 3041 974 3075 non
990 3031 1045 3078 satie
1068 3034 1122 3092 apte
1132 3032 1244 3092 cohaeret,

375 3093 427 3126 nam
438 3077 534 3125 delebat
544 3094 605 3126 esse:
622 3085 648 3128 ut
658 3082 718 3129 enim
728 3083 754 3129 di
761 3083 888 3142 seductum
897 3087 986 3135 omnim
994 3091 1108 3147 ondtlunl,
1124 3093 1156 3138 tic
1164 3095 1245 3141 mentis

374 3138 430 3188 uetes
446 3162 455 3170 -
469 3163 479 3174 ·
493 3139 593 3208 tebescit,
603 3147 647 3188 etc.
664 3156 706 3203 pro
721 3143 871 3200 teipsumcum
890 3145 949 3194 Dav.
966 3162 980 3194 e
994 3148 1052 3198 Mas.
1072 3149 1132 3198 edidi
1149 3166 1170 3199 se
1187 3153 1244 3214 ipss,

375 3197 434 3258 quod
445 3199 469 3244 et
478 3197 579 3246 latinitas
592 3199 695 3258 lubebat.

357 3333 359 3338 Ι
403 3275 428 3308 ²⁷
443 3277 732 3328 mullonduersoreoerteos
757 3281 918 3332 vitiosumesee
935 3286 1085 3344 remmio
1117 3293 1242 3339 romtuest.

374 3332 481 3406 Daqisiqs
490 3335 562 3405 edidit
570 3351 672 3409 recem
682 3353 695 3400 q
751 3341 930 3448 ¹¹!iflim⁰.g¹³⁰²t·
938 3359 1019 3416 ‚mem
1029 3303 1168 3396 tolersssiltos
1177 3355 1243 3398 atet.

375 3391 466 3451 Cquecs
475 3393 529 3440 olum
537 3397 660 3456 rqfugeens.
672 3413 712 3445 uec
722 3399 800 3447 mellus
809 3415 846 3462 qus
871 3417 952 3464 repert.

404 3470 427 3502 ²¹
442 3473 590 3531 tompmms'n
606 3480 654 3521 rote
669 3477 734 3523 inm
750 3477 879 3589 immensa}
905 3481 964 3530 Dav.
984 3487 1036 3545 post
1052 3483 1104 3532 ild.
1121 3489 1146 3532 et
1163 3487 1241 3548 steph.

375 3527 446 3574 edidit
455 3534 566 3590 tomqsssm
575 3535 638 3597 rotie,
647 3541 690 3586 etc.
701 3536 734 3589 ita
746 3539 858 3592 vander

520 3591 526 3601 ¹
879 3542 978 3599 taretin.
991 3549 1124 3600 nectamsn
1134 3546 1247 3597 conectis

375 3590 409 3638 ert
419 3600 546 3641 necessum
