2558 4198
251 313 316 378 314
501 305 547 357 aa
561 305 702 358 mm
716 303 862 356 naonmr

249 455 427 524 dissentiret,
441 455 510 516 tolia
531 455 728 516 voluminibus
754 453 934 514 conciderit:
954 453 986 514 in
1013 453 1127 516 Dema·

249 557 355 616 critum
367 556 471 631 inaurn,
481 573 566 632 qucm
581 561 698 614 aecutna
711 561 767 622 cat,
778 554 866 614 luerit
877 555 1021 631 ingratus:
1043 558 1072 614 N
1075 575 1127 616 au·

249 655 414 732 tiphonem,
427 656 594 730 magistrum
615 672 707 722 auum,
726 653 775 713 'a
793 673 851 731 quo
872 655 946 713 nibil
970 657 1126 728 didicerat,

196 751 310 814 utum
325 758 401 815 mala
414 755 572 830 acceperit
613 755 699 812 Zeno
720 753 837 830 quidem
861 773 921 813 non
942 773 993 812 eoa
1021 757 1125 825 solum,

214 857 217 862 “
249 854 298 932 qui
317 860 378 914 tum
401 861 494 922 arant,
512 851 535 885 ²³
547 855 766 928 Apollodorum,
782 855 906 928 Syllum,
921 862 1035 912 ceteros
1055 856 1123 928 fige-

248 959 299 1016 bat
314 957 498 1026 maledictia3
518 955 571 1014 aed
586 957 737 1014 Socratem
756 953 861 1028 ipsum,
886 963 1038 1027 parentem
1063 955 1124 1030 pbi-

247 1057 409 1130 naphtae,
433 1056 543 1116 Latino
566 1056 658 1112 verbo
684 1060 779 1122 utens,
806 1051 964 1112 ³incurram
990 1057 1124 1114 Atticum

250 1152 365 1234 [suinae]
386 1157 519 1214 dicabat:
541 1154 739 1228 Chrysippum
762 1171 917 1228 numquam
933 1155 1126 1229 nisiCbeaip·

247 1271 318 1330 pum
338 1256 473 1312 vocabat.
498 1259 530 1312 tu
557 1253 621 1328 ipae
653 1254 751 1327 paullo
771 1260 851 1321 ante,
878 1271 945 1338 curn
977 1262 1126 1330 tamquam

247 1359 383 1413 canutum
399 1353 634 1427 philosophorum
649 1351 796 1421 recitares,
810 1371 936 1411 nummos
951 1353 1027 1409 viros
1047 1353 1125 1412 deai-

247 1470 328 1528 pere,
351 1454 486 1520 delirare,
505 1454 657 1511 dementer
679 1471 744 1510 ease
771 1453 899 1512 diceban.
941 1454 1069 1525 Quorum
1098 1453 1126 1512 ai

247 1571 337 1612 uerno
355 1551 377 1584 ²⁴
389 1568 491 1611 verum
504 1551 579 1610 vidit
588 1552 626 1612 dc
641 1557 743 1611 natura
754 1555 884 1623 deorum,
898 1555 1059 1612 verendum
1070 1559 1126 1624 eat,

249 1671 288 1712 nc
316 1655 397 1712 nulla
420 1651 458 1710 cit
478 1653 608 1710 omnino.
649 1655 728 1712 Nam
753 1654 819 1722 iata,
846 1672 920 1730 quae
942 1672 995 1711 vca
1015 1654 1126 1724 «licitis,

249 1758 318 1812 runt
351 1757 414 1810 tota
445 1751 663 1822 commenticia,
681 1751 767 1810 ”vix
800 1753 891 1828 digna
924 1754 1124 1812 lucubratione

250 1853 438 1911 anicularum.
454 1869 512 1911 non
527 1853 607 1912 onim
619 1837 744 1922 sectilia}
758 1871 843 1928 quam
855 1856 946 1912 multa
961 1853 1044 1932 vcbia
1066 1871 1126 1911 sua·

250 1949 388 2025 cipicnda
402 1951 470 2020 aiut,
485 1952 510 2010 ai
524 1953 721 2026 impetraritia,
735 1960 768 2011 ut
781 1955 987 2022 concedamus,
1001 1955 1125 2012 annalem

251 2068 315 2132 osae
335 2051 496 2121 bominum,
506 2058 536 2111 et
551 2055 670 2112 deorum
684 2055 812 2128 figuram.
854 2055 958 2112 Omnia
971 2057 1075 2120 cultus,
1094 2057 1126 2112 et

251 2150 365 2226 curatio
382 2151 511 2226 corporis
525 2153 581 2211 crit
595 2156 698 2212 eadem
713 2154 879 2213 adhibenda
894 2149 968 2222 'deq
981 2172 1054 2230 quae
1077 2153 1127 2211 ad·

251 2249 368 2310 hibetur
378 2250 509 2309 bomini:
530 2251 687 2328 ingrcaaua,
700 2271 810 2320 curcua,
824 2253 982 2322 accubitio,
1003 2253 1129 2310 inclina

251 2348 304 2418 tic,
317 2349 419 2418 acaria,
433 2352 672 2425 comprehensim
692 2354 729 2410 ad
743 2359 907 2411 extremum
918 2353 1007 2410 etiarn
1022 2368 1127 2420 aermo,

251 2453 282 2506 at
302 2449 406 2508 oratio.
456 2452 535 2510 Nam
562 2454 639 2528 quod
663 2459 692 2510 et
714 2470 808 2510 marea
830 2455 910 2520 deca,
932 2457 960 2509 et
986 2452 1127 2509 faeminas

251 2565 316 2608 abac
340 2549 449 2621 dicitis,
462 2552 531 2626 quid
555 2558 689 2627 aequatur
710 2553 837 2611 videtis„
870 2552 1013 2627 Equidem
1029 2548 1128 2608 mirari

135 2677 141 2702 ν
251 2653 322 2712 uatis
336 2670 533 2726 nauticarum,
555 2655 632 2712 unda
645 2655 681 2711 au
696 2653 766 2710 iataa
787 2653 942 2728 opiniones
958 2658 1055 2708 venter
1075 2651 1127 2708 illc
1213 2723 1216 2730 Ι

251 2753 389 2828 princeps
411 2753 536 2810 venerit.
579 2754 639 2812 Sed
659 2756 787 2811 clamare
814 2771 873 2810 non
896 2751 1041 2819 desinitis,
1061 2749 1129 2807 rati·

282 2907 304 2940 ²¹
320 2907 455 2968 aqunnibr'i
465 2909 593 2972 albicant]
626 2907 729 2958 Davitica
740 2909 807 2956 rrlert
822 2908 850 2954 ad
862 2907 893 2964 id,
908 2907 967 2969 quod
984 2905 1094 2968 Epicuma
1104 2919 1129 2974 qe

251 2970 414 3020 multicana
428 2972 521 3018 dixerat.
554 2969 657 3016 Pcarciur
675 2969 770 3027 conjecit
781 2967 901 3016 nonnihil:
917 2968 976 3029 quad
987 2983 1031 3013 riou
1051 2965 1129 3033 diaplq-

253 3039 305 3080 aet:
322 3049 373 3081 narn
384 3034 475 3091 vulgata
485 3029 625 3077 commodum
645 3043 731 3074 aeorum
747 3029 876 3074 nonhabet.
888 3042 938 3073 narn
958 3027 981 3072 io
1002 3025 1035 3072 nis
1054 3024 1129 3069 verbra

253 3092 321 3139 babet
330 3107 380 3140 crae
390 3105 464 3148 cauta,
474 3104 544 3152 quare
563 3089 623 3136 male
643 3087 721 3134 imant
739 3088 857 3149 Epicuron,
867 3101 917 3135 curn
928 3086 1057 3146 magistrum
1069 3083 1129 3130 male

252 3157 370 3200 tractaret.

282 3231 307 3264 ²²
322 3229 492 3288 Autumnum,
501 3227 600 3288 Syllum]
617 3241 638 3272 v.
650 3225 716 3272 Clau.
728 3224 751 3272 in
761 3224 845 3284 Syllae.

281 3311 307 3344 ²³
321 3323 423 3357 crunam
434 3307 562 3364 Attsuiua
571 3305 664 3366 dicabat]
683 3305 743 3351 haud
754 3305 900 3362 dubiesur'ut
907 3303 1027 3352 delendum
1037 3308 1079 3351 eat.

283 3389 306 3422 ²⁴
320 3403 399 3438 nerunt
408 3386 486 3449 nictit]
518 3387 554 3435 alc
563 3385 610 3434 Ma.
621 3384 696 3433 Guell.
705 3390 729 3432 et
740 3385 779 3432 alii
798 3386 857 3448 aprrd
877 3385 1001 3443 narratum,
1011 3385 1050 3446 qui
1065 3386 1089 3429 et
1098 3383 1132 3430 ric

254 3447 334 3502 edidit,
345 3455 370 3494 ut
379 3448 439 3494 olim
447 3445 523 3493 bamb.
559 3445 634 3504 Vulgo
648 3445 714 3493 unu.
724 3459 797 3492 nermo
807 3449 841 3491 est
851 3446 880 3490 dr
890 3444 990 3491 mortuis.

284 3526 307 3560 ²⁵
321 3527 361 3572 aiu
370 3525 440 3586 digna
451 3525 607 3574 lucubratione
616 3525 771 3586 anicularum]
789 3523 915 3571 lucubratio
929 3525 985 3571 haec
1005 3523 1059 3570 milri
1075 3536 1132 3568 nrrn·

254 3597 320 3646 quam
332 3585 430 3643 placuit:
448 3600 490 3632 nec
501 3591 535 3631 eat
545 3599 619 3631 nermo
637 3585 666 3630 de
685 3585 753 3630 librla.
774 3584 928 3642 approbatione
938 3589 977 3650 aut
988 3583 1062 3649 ainrilc
1070 3580 1133 3650 quid,

192 3679 198 3688 .
254 3641 334 3690 mcliur
343 3643 488 3692 convenit-etr
504 3644 546 3692 nini
558 3644 685 3692 lucubratio
695 3646 765 3691 etiarn
775 3645 805 3691 dr
815 3643 914 3690 lectione
922 3649 1032 3690 accurrua
1039 3639 1131 3688 drcrlur.
