2552 4208
411 351 415 360 ’
446 365 544 420 susa
559 365 720 421 suranus.
973 369 1036 433 113

163 519 290 579 insitam.
311 519 387 594 quod
408 523 506 575 autem
526 516 656 576 nascitur
669 533 709 575 ex
727 515 897 585 offensione,
909 515 952 574 ila
965 515 1036 576 deli·

161 608 255 686 niuni,
278 618 447 692 opinionem
469 618 675 675 vehementem
691 618 729 675 de
751 635 782 674 re
804 597 863 674 ιιοῖι
886 617 1033 692 fugienda,
1106 611 1114 631 ⁸

161 716 374 782 inhaerentem,
396 720 426 773 el
441 717 555 796 penitus
570 717 698 784 insitam,
719 721 865 791 tamquam
884 714 1032 792 fugienda.

162 814 237 872 hacc
262 821 360 872 autem
383 813 544 888 ³⁰opinatio
569 821 615 874 est
630 815 766 890 judicare
790 833 821 873 se
843 815 928 884 scire,
956 817 1033 890 quud

162 912 285 970 nesciat.
327 915 531 989 Aegrotationi
550 921 647 972 autem
661 914 732 973 talia
746 915 888 990 quaedam
901 914 1034 988 subjecta

162 1017 239 1079 sunl,
273 1014 406 1082 avaritia,
439 1014 571 1083 ambitio,
610 1015 813 1083 mulierositas,
855 1015 1033 1087 pervicacia,

162 1111 313 1185 ligurritio,
329 1113 502 1180 vinolentia,
520 1115 655 1188 cupedia,
669 1119 700 1171 et
719 1113 746 1170 si
767 1130 823 1189 qua
847 1111 963 1170 similia.
988 1117 1034 1171 est

163 1218 261 1268 autem
293 1211 426 1278 avaritia,
460 1213 591 1284 opinatio
612 1212 774 1270 vehemens
799 1209 820 1244 ³¹
833 1212 870 1270 de
898 1212 1033 1286 pecunia,

163 1311 245 1386 quasi
260 1312 347 1367 valde
361 1312 536 1382 expetentia,
557 1311 723 1378 inhaerens,
743 1316 773 1368 et
794 1310 911 1386 penitus
934 1311 1032 1370 insila.

163 1409 322 1484 similisque
343 1413 388 1465 est
412 1407 540 1480 ejusdem
563 1411 678 1484 generis
698 1409 830 1469 delinitio
850 1411 1033 1487 reliquarum.

164 1508 365 1566 offensionum
392 1512 489 1564 autem
522 1509 708 1565 definitiones
734 1513 800 1566 sunt
824 1509 975 1584 ejusmodi,
1001 1513 1035 1566 ul

164 1607 388 1680 inhospitalitas,
401 1605 438 1662 sit
452 1605 553 1678 opinio
576 1607 745 1674 vehemens,
765 1592 859 1663 valdei
866 1607 1037 1681 fugiendum

165 1723 229 1764 asse
257 1705 411 1778 hospitem,
433 1721 526 1779 eaque
547 1704 713 1772 inhaerens,
737 1709 768 1764 el
796 1705 911 1780 penitus
934 1705 1033 1763 insila.

163 1804 355 1878 similiterque
368 1804 505 1861 delinitur
518 1810 547 1861 el
562 1803 715 1862 mulierum
727 1803 836 1874 odium,
848 1801 911 1862 ³⁸ut
924 1804 1035 1880 Hippo-

164 1907 238 1981 lysi,
258 1911 298 1975 et,
312 1910 342 1962 ut
358 1905 505 1972 Timonis,
515 1904 631 1980 generis
645 1904 775 1962 humani.

204 2007 305 2081 Atque
317 2003 338 2037 ω
348 2011 379 2063 ut
398 2007 434 2062 ad
450 2005 620 2062 valitudinis
635 2003 857 2074 similitudinem
871 2003 1087 2073 vertumnis

164 2121 255 2180 eaque
269 2105 426 2163 collatione
441 2110 554 2162 utamur
567 2104 732 2176 aliquando,
745 2107 797 2162 sed
811 2104 934 2178 parcius,
948 2121 1034 2180 quam

165 2207 260 2264 solent
276 2206 389 2263 Stoici:
403 2210 434 2262 ut
448 2208 516 2262 sunt
529 2204 579 2262 alii
599 2206 636 2261 ad
658 2205 731 2261 alios
752 2205 866 2262 morbos
880 2204 1035 2279 proclivio-

163 2323 226 2362 res:
247 2300 357 2380 (itaquc
371 2303 495 2361 dicimus
509 2304 717 2378 gravedinosos
732 2305 880 2379 quosdam,
894 2304 1034 2378 quosdam

164 2406 345 2472 torminosos,
355 2422 412 2461 non
422 2405 556 2478 quiajam
567 2405 635 2472 sint,
645 2402 665 2434 ⁴⁰
673 2405 725 2460 sed
733 2404 800 2477 quia
808 2421 896 2477 saepe
905 2404 974 2476 sinl;
989 2404 1036 2470 sic

120 2488 123 2492 ’
164 2503 215 2560 alii
231 2504 267 2558 an
282 2507 399 2568 melum,
413 2502 464 2557 alii
479 2502 517 2557 ad
529 2502 618 2558 aliam
638 2502 893 2574 perturbationum.
917 2519 956 2560 ex
977 2521 1035 2578 quo

165 2599 197 2658 in
215 2599 280 2656 aliis
305 2599 447 2666 anxietas,
473 2599 550 2655 unde
572 2599 675 2669 anxii3
701 2598 721 2630 ⁴¹
732 2597 763 2657 in
790 2599 856 2657 aliis
883 2599 1035 2659 iracundia

164 2699 281 2767 dicitur,
294 2715 367 2774 quae
386 2699 423 2754 ab
443 2697 486 2754 ira
509 2697 620 2754 differt:
641 2703 742 2774 estque
762 2697 840 2756 aliud
863 2697 1037 2758 iracundum

195 2855 218 2886 ³⁰
232 2853 329 2911 opinatio
348 2857 378 2900 ast
392 2853 516 2914 judicare]
544 2851 591 2897 Ms.
609 2851 704 2912 Gryphii
724 2851 823 2898 habebat
841 2851 956 2910 indicatio,
975 2853 1037 2916 qued

165 2913 250 2973 recepit
263 2911 372 2959 Davisius.
385 2927 428 2958 non
438 2913 520 2973 placet,
531 2915 696 2972 quemquamst
711 2910 749 2956 alii
760 2909 818 2956 Mas.
828 2911 859 2957 sic
870 2911 958 2960 habent.

194 2992 218 3026 ³⁷
233 2991 370 3048 depecunin,
390 2991 453 3051 quusi
464 2991 554 3048 petendu
565 2990 601 3050 n't]
620 2989 682 3036 citat
700 2989 721 3036 lr.
734 2989 749 3035 l.
767 2989 886 3036 delendum
904 2995 927 3036 et
937 2991 1035 3041 retten-

165 3052 218 3098 dnus
228 3051 351 3108 repetendo.
362 3057 385 3097 et
394 3052 427 3097 sic
437 3051 495 3098 Mss.
507 3049 543 3112 qui
553 3053 576 3096 el
586 3049 671 3096 addunt
681 3049 751 3106 uulda,
763 3055 788 3097 ut
797 3053 819 3096 el
831 3049 905 3096 Guelt

194 3131 216 3163 ³³
230 3135 257 3177 ul
274 3129 402 3192 Hippolyti]
424 3131 446 3177 in
464 3129 537 3187 stili,
551 3129 639 3190 opinor,
657 3129 739 3176 luitula.

194 3211 217 3244 ³⁹
230 3214 254 3255 at
271 3209 304 3254 ud*
320 3223 341 3256 o.
357 3225 375 3256 s.
389 3209 525 3270 accinctus]
557 3209 634 3268 Vulgo
651 3207 832 3256 melanensium
860 3223 912 3258 nam
932 3215 984 3273 peu
1001 3215 1039 3260 etl

163 3273 264 3318 utamur.
277 3274 344 3330 atque
353 3269 385 3316 sic
394 3269 462 3315 etiarn
473 3269 531 3316 Mas.
541 3269 622 3330 plures.

194 3349 216 3382 *θ
230 3349 271 3394 rrd'
284 3349 337 3408 quio
346 3363 409 3406 torpa
425 3349 485 3395 sint:
500 3349 550 3404 nlis',
562 3349 616 3410 etc]
632 3348 772 3395 sinldalevil
782 3349 887 3397 Davisius
906 3354 930 3398 el
949 3351 1037 3400 addidit

164 3407 210 3454 ric:
226 3408 251 3478 ln
265 3409 308 3454 hoc
325 3421 375 3454 eum
396 3409 464 3454 coemi
476 3421 556 3478 sumup,
569 3409 624 3478 ,quia
643 3407 666 3454 id
683 3409 782 3470 postulat
797 3413 823 3455 ut
841 3409 865 3456 in
879 3412 1033 3458 antecedente.

165 3472 234 3528 atque
244 3467 267 3512 rd
279 3471 352 3528 potest
362 3481 409 3512 esse
416 3472 525 3513 mutatum
536 3483 558 3514 ιιι
568 3472 619 3514 ont.
630 3468 721 3514 sortasse
731 3474 806 3516 tamen
815 3468 857 3517 luit
865 3470 905 3521 ila.

196 3544 216 3578 ⁴¹
230 3544 259 3595 lu
271 3545 324 3606 ullis
338 3545 459 3592 iracundia
469 3545 563 3607 dieitur]
580 3545 643 3593 ’oenc
652 3544 756 3596 Davisius
769 3547 865 3597 torruit
880 3549 982 3612 Φάων,
993 3549 1041 3598 atsi·

166 3593 214 3652 due
222 3601 292 3650 libris.
323 3604 381 3653 Puto
391 3619 438 3654 csse
448 3619 461 3652 a
471 3604 601 3665 glossatore.

210 3702 279 3744 sos.
294 3703 349 3744 ιι.
628 3683 692 3750 lh*
