2538 4188
228 249 291 312 458
472 243 517 296 ΒΕ
532 245 672 304 hiltine
690 244 834 296 DEORUM

231 391 234 398 '
318 389 444 456 ”Qoiqam
459 391 631 442 Tantalidarum
646 391 794 441 internecioni
813 389 892 438 moder

315 470 433 520 Paretur?
449 478 489 518 aut
498 487 607 533 quaenam
617 488 720 534 umquam
730 474 760 518 oh
770 477 866 518 morum
875 466 969 543 Myriili

316 549 398 598 Poeni·
407 551 494 598 luendir
503 552 594 598 dabitur
603 552 672 599 entier
682 549 805 612 ruppliciii'

226 673 334 735 Utrum
355 675 459 750 poeitae
481 673 597 734 Stoicos
616 676 813 756 depravarint,
826 692 865 733 an
889 675 984 736 Stoici
1001 657 1096 752 poiitir

226 774 361 834 dederint
381 776 592 840 auctoritatem,
606 791 664 831 non
690 776 777 834 lecilc
800 775 935 834 dixerim.
961 782 1097 850 portento

227 875 316 940 enim,
335 881 364 933 et
389 875 500 950 flagitia
521 876 558 931 ab
572 873 697 948 utrinque
719 875 863 932 dicuntur.
887 893 983 949 neque
1005 877 1096 946 enim,
1118 911 1132 934 e

227 993 314 1052 quem
340 975 534 1049 Hipponactis
554 975 664 1032 iambus
679 975 811 1040 laeserat,
825 979 874 1030 ant
887 975 936 1048 qui
961 984 1024 1032 erat
1045 977 1101 1034 Ar-

226 1075 356 1132 chilochi
382 1093 466 1133 vernn
487 1078 661 1140 vulneratur,
685 1075 773 1130 adeo
786 1071 946 1131 immissum
958 1075 1099 1145 dolorem,

225 1189 285 1230 non
310 1179 484 1245 conceptum
498 1191 516 1230 a
529 1191 562 1230 ae
581 1173 654 1246 ipeo,
666 1172 853 1230 continebat:
874 1189 941 1240 nec,
955 1189 1022 1230 cum
1037 1175 1099 1232 Ae·

225 1269 316 1346 giathi
328 1270 490 1338 libidinem,
501 1276 550 1328 aut
560 1288 627 1328 cum
642 1251 756 1328 Peridic
770 1270 944 1339 videmua,e
964 1273 1019 1329 deo
1029 1289 1097 1332 cau·
1130 1324 1135 1342 ,

223 1385 288 1428 ram
301 1369 479 1444 requirimus,
493 1387 559 1426 cum
573 1373 677 1442 culpae
692 1387 786 1443 patene
800 1387 906 1428 vocem
927 1372 1094 1428 audiamuer

224 1485 282 1528 uec
306 1487 361 1542 ego
375 1471 528 1526 multorum
541 1487 690 1542 aegrorum
704 1472 828 1528 salutem
844 1489 901 1530 non
925 1473 963 1527 ab
985 1471 1097 1546 Hippo·

225 1573 306 1638 crete
322 1568 427 1642 potine,
440 1585 526 1642 quam
540 1571 577 1624 ab
595 1568 772 1640 Aesculapio
786 1569 883 1626 datam
897 1569 1020 1643 judico:
1042 1587 1099 1628 nec

224 1667 525 1728 Lacedaemoniorum
552 1666 738 1740 disciplinam
766 1668 863 1726 dicam
891 1685 1025 1745 umquam
1058 1671 1096 1738 ab

224 1765 367 1840 Apolline
394 1767 490 1843 potine
513 1767 644 1835 Spartae,
671 1784 757 1842 quam
781 1786 799 1824 a
826 1769 963 1842 Lycurgo
986 1770 1095 1826 datam:

224 1865 380 1935 Critolaus,
394 1867 521 1942 inquam,
540 1865 646 1923 evertit
670 1863 861 1935 Corinthum
883 1867 1095 1941 Karthaginem
1109 1937 1121 1945 f

164 1977 165 1981 ’
190 1981 192 1986 ·
222 1963 398 2022 Hasdrubal.
440 1966 482 2024 Hi
495 1967 552 2022 duo
566 1965 631 2022 illoc
645 1968 745 2023 ocutos
759 1984 826 2022 orae
841 1965 1003 2022 maritimae
1024 1965 1092 2022 elio·

221 2063 336 2132 derunt,
355 2060 375 2092 ²¹
384 2063 546 2128 nominatus
561 2064 751 2139 alicui,quem
765 2063 884 2119 omnino
904 2062 990 2116 irasci
1004 2077 1090 2131 posce

220 2162 345 2236 negatis,
358 2163 439 2220 deur.
480 2163 523 2220 At
543 2163 699 2222 subvenire
711 2166 791 2218 certe
810 2157 911 2232 poluit,
924 2161 954 2214 et
972 2174 1089 2217 conner-

169 2257 210 2318 39
222 2278 292 2318 vare
314 2263 397 2318 urbes
411 2265 509 2318 tentae
522 2271 608 2336 atque
624 2264 704 2320 talea.
743 2259 808 2315 Voe
828 2258 907 2315 enim
921 2255 978 2329 ipsi
990 2258 1090 2316 dicere

218 2359 329 2428 soletis,
343 2359 416 2418 nihil
440 2364 603 2436 essequod
626 2363 696 2418 deur
720 2360 835 2416 efficere
860 2375 919 2416 non
947 2358 1046 2430 poerit,
1059 2361 1093 2416 et

219 2459 335 2536 quidem
350 2459 414 2517 eine
428 2462 526 2516 labore
540 2461 608 2514 ullo.
633 2462 665 2512 ut
686 2457 767 2512 enim
790 2457 939 2512 hominum
963 2457 1092 2516 membra

219 2561 300 2618 nulla
314 2559 512 2623 contentione,
526 2562 624 2614 mente
644 2553 707 2626 ipsa
729 2569 764 2608 ac
780 2554 931 2611 voluntate
953 2573 1092 2617 movean-

214 2661 283 2716 tur:
303 2658 346 2715 aic
361 2655 479 2714 numine
492 2655 612 2710 deorum
633 2651 731 2707 omnia
756 2651 836 2724 fingi,
860 2655 981 2722 moveri,
1001 2662 1092 2714 muta·

218 2756 300 2832 rique
328 2770 420 2829 posse.
462 2753 566 2827 Neque
593 2751 622 2808 id
650 2751 748 2808 (licitis
775 2753 974 2824 superstitiose
1001 2747 1096 2830 atque

141 2881 146 2888 ·
218 2855 343 2920 aniliter,
356 2854 408 2909 scd
429 2850 552 2925 physica
565 2850 768 2924 constantique
790 2851 912 2908 ratione.
935 2855 1089 2916 materiam

218 2953 298 3011 enim
312 2969 413 3018 rerum,
432 2967 471 3007 ex
483 2967 547 3020 qua,
558 2955 588 3006 et
609 2951 639 3006 in
653 2967 709 3024 qua
724 2951 823 3006 omnia
836 2950 905 3016 rint,
917 2957 1007 3010 totam
1021 2973 1088 3014 esee

217 3051 389 3120 flexibilem,
413 3054 443 3107 et
464 3049 710 3117 commutabilem,
723 3057 755 3106 ut
781 3049 852 3106 nihil
868 3049 916 3115 ait,
931 3053 1006 3125 quod
1028 3070 1088 3114 non

248 3227 271 3261 ²⁰
285 3226 385 3280 Quinem
404 3224 586 3279 Tantalidorwn,
596 3225 651 3284 etc]
672 3223 785 3270 Charisius
797 3224 867 3271 instit.
877 3223 978 3272 Gramen.
990 3225 1017 3272 L.
1031 3229 1050 3273 1.
1061 3241 1086 3289 p,

217 3289 254 3336 id,
266 3287 307 3333 hos
318 3300 393 3332 vereor
402 3286 477 3339 refert,
488 3285 609 3346 tribuitque
623 3283 693 3332 Attio.

247 3366 269 3398 ⁹¹
284 3379 329 3412 non
338 3365 411 3411 iretur
419 3363 508 3411 elicui·
536 3364 608 3425 dem]
640 3363 715 3422 Vulgo
726 3364 809 3411 editum
820 3370 853 3410 eet
863 3365 937 3411 deum
958 3365 1086 3413 referebant

217 3424 320 3483 edqucm
337 3424 428 3480 negotis.
440 3425 478 3470 red
494 3423 632 3470 referendum
649 3427 682 3468 est
698 3438 779 3473 nomen
797 3425 841 3472 hoc
856 3424 974 3476 adiretur.
988 3423 1086 3487 ideoque

217 3483 341 3532 debeteeae
349 3484 411 3544 dau,
420 3483 498 3543 utjam
511 3483 631 3535 munium
640 3481 718 3532 edidit.
