2552 4208
220 345 282 414 lic
452 339 586 392 'ruscum
603 341 846 396 camentorum

217 492 325 554 dicitur
345 489 526 565 pulcritudo:
546 491 590 552 sic
605 492 636 552 in
650 493 758 563 animo,
771 495 941 569 opinionum
960 491 1088 570 judicio-

217 605 336 666 rumque
362 591 552 666 aequabilitas
586 597 616 650 el
649 595 826 662 constantis,
855 612 922 652 cum
947 594 1085 654 firmitate

217 691 341 766 quadam
360 695 391 748 et
413 690 572 748 stabilitate
594 692 732 750 virtutem
758 696 946 769 subsequens,
966 699 1015 752 aut
1030 693 1091 752 uir-1

218 790 288 849 tutis
303 791 363 848 vim
376 790 469 863 ipsam
482 791 648 860 contineas,
663 793 826 860 pulcritudo
840 797 971 851 vocatur.
999 794 1089 851 item·

217 907 273 966 que
287 889 393 948 viribus
414 892 551 963 corporis,
565 896 595 947 et
611 891 719 958 nervis,
732 897 763 950 et
783 891 953 950 efficacitati
976 893 1088 950 similes

217 990 360 1049 similibus
375 989 481 1057 verbis,
502 989 593 1048 animi
608 989 685 1047 vires
700 991 892 1049 nominantur.
933 991 1090 1050 velocitas

217 1095 314 1150 aulem
326 1090 463 1162 corporin
474 1089 610 1147 celeritas
621 1093 798 1164 appellatur:
813 1108 887 1166 quae
896 1090 999 1148 eadem
1008 1091 1089 1165 inge·

218 1191 262 1248 nii
275 1191 364 1248 etiam
381 1194 442 1248 taus
457 1191 579 1247 babetur
591 1197 709 1264 propter
721 1189 812 1246 animi
827 1192 979 1248 multarum
994 1207 1089 1250 rerum

169 1282 303 1347 iturevt
317 1297 446 1362 ternpore
469 1290 694 1362 percursionem.
736 1289 821 1352 illud,
846 1289 1007 1346 animorum
1027 1307 1089 1348 cor-

218 1406 375 1466 porumque
405 1387 557 1454 dissimile,
590 1389 666 1463 quod
699 1389 791 1446 animi
826 1388 961 1446 valentes
989 1389 1092 1448 morbo

219 1489 326 1548 tentari
340 1505 398 1546 noa
414 1493 549 1560 possunt;
578 1505 699 1562 corpora
719 1493 850 1562 possunt.
871 1489 922 1545 sed
938 1505 1091 1562 corporum

218 1589 394 1648 offensiones
416 1589 480 1646 sine
503 1589 589 1662 culpa
615 1589 751 1646 accidere
776 1594 906 1661 possunt,
928 1586 1092 1646 animorum

169 1681 171 1686 ’
218 1703 277 1746 uon
293 1688 378 1744 item:
400 1704 518 1761 quorum
534 1703 636 1744 omnes
652 1686 744 1744 morbi
757 1691 787 1743 et
802 1685 1031 1758 perturbationes
1051 1701 1091 1742 ex

219 1787 422 1858 aspernatione
438 1785 558 1842 rationis
579 1785 730 1841 eveniunt.
755 1783 853 1856 itaque
877 1784 908 1841 in
924 1783 1093 1842 bominibus

219 1887 312 1943 solum
326 1885 480 1941 exsistunt.
497 1901 564 1940 nam
579 1882 690 1939 bestiae
701 1881 797 1939 simile
810 1883 947 1956 quiddam
969 1883 1091 1954 faciunt,

219 1985 270 2042 sed
300 1983 330 2040 in
363 1981 593 2055 perturbationes
619 1999 677 2038 non
701 1980 844 2038 incidunt.
886 1982 968 2041 lnler
989 1992 1092 2041 acutos

219 2088 325 2151 autem,
340 2087 370 2138 et
387 2081 465 2137 inter
489 2081 609 2138 hebetes
634 2079 764 2144 interest,
779 2083 853 2156 quod
875 2082 1031 2156 ingeniosi,
1053 2085 1087 2140 ut

219 2198 270 2241 aes
283 2179 467 2239 Corinthium
487 2178 517 2236 in
538 2179 715 2252 aeruginem,
734 2181 778 2237 sic
793 2180 838 2238 iili
863 2183 895 2239 in
910 2183 1038 2240 morbum
1060 2185 1093 2242 cl

219 2281 355 2340 incidunt
370 2277 487 2341 tardius,
510 2282 540 2335 et
554 2283 721 2335 recreantur
745 2295 854 2352 ocyus;
890 2283 1011 2340 hebetes
1032 2299 1093 2340 nou

220 2379 301 2439 item.
343 2379 409 2435 Nec
425 2377 539 2434 veroin
558 2394 675 2434 ornnem
698 2380 828 2436 morbum
847 2397 883 2437 ao
903 2381 1092 2454 perturbatio·

220 2496 290 2540 nem
304 2477 416 2536 animus
434 2475 580 2550 ingeniosi
600 2477 690 2534 cadit.
710 2475 799 2536 “non
821 2479 899 2536 enirn
921 2482 1010 2536 multa
1025 2479 1094 2537 eti'e·

220 2584 292 2648 rata,
305 2583 334 2636 et
345 2577 501 2634 immania:
515 2577 657 2650 quaedam
671 2581 768 2634 autem
781 2577 968 2635 humanitatis
979 2595 1091 2654 quoquc

220 2680 330 2738 habent
354 2678 475 2751 primam
496 2675 636 2749 speciem,
649 2681 681 2732 ul
701 2676 908 2745 misericordia,
931 2677 1092 2749 aegritudo,

221 2785 325 2838 metus.
369 2775 599 2850 Aegrotationes
627 2781 724 2831 autern
751 2775 903 2849 morbique
932 2771 1093 2832 animorum

220 2877 370 2936 difficilius
391 2876 483 2933 evelli
510 2895 597 2950 posse
621 2880 767 2950 putantur,
794 2889 879 2947 qnam
903 2889 1014 2929 summe
1039 2873 1091 2932 illa

221 2977 307 3044 vitia,
328 2993 401 3052 quae
429 2977 584 3033 virtutibus
608 2979 677 3032 suut
700 2971 855 3032 contraria.
884 2971 991 3028 morbis
1012 2973 1092 3032 enim

221 3074 415 3139 manentibus,
440 3074 511 3131 vitia
533 3077 645 3133 sublata
666 3091 731 3130 ease
756 3088 815 3130 nou
843 3077 971 3145 possunt,
991 3069 1012 3104 ⁴⁸
1025 3071 1093 3147 quia

194 3221 196 3224 .
221 3193 282 3234 nou
316 3179 376 3231 tarn
402 3173 537 3229 celeriter
568 3175 716 3240 sanantur,
751 3187 836 3246 quam
864 3169 915 3228 ilia
943 3173 1092 3228 tolluntur.

223 3275 324 3332 Habes
343 3289 389 3339 ea,
403 3289 477 3345 quae
491 3273 528 3328 de
544 3269 808 3344 perturbationibus
828 3272 983 3328 enucleate
997 3270 1093 3345 dispu-

153 3422 157 3430 ‘
251 3427 274 3461 *Ἴ
289 3441 335 3474 raon
350 3425 409 3473 mrim
419 3426 491 3471 molta
502 3423 592 3484 qfferato
602 3429 622 3470 st
636 3424 755 3485 imnacns'o]
772 3424 811 3471 int.
823 3421 845 3470 in
855 3439 884 3470 eo
901 3439 949 3471 esse
963 3399 1095 3470 colent.¹aed

222 3501 265 3548 pro
271 3487 343 3532 molto
353 3485 445 3540 legerim
454 3485 480 3530 in
490 3485 539 3529 ulto
549 3497 579 3528 sc.
590 3485 664 3529 cudit:
674 3491 723 3540 aut,
731 3498 776 3530 non
787 3483 847 3530 enim
856 3484 906 3530 ullo
916 3482 953 3540 pff.
965 3482 987 3527 in
997 3495 1026 3528 eo
1036 3485 1095 3529 sunt.

223 3558 357 3607 quamquam
368 3543 480 3599 Bentlejus
488 3542 556 3588 etiam
568 3541 622 3600 legit
631 3543 657 3588 in
667 3544 738 3590 uliam
747 3540 838 3602 pff'crotc
849 3546 870 3588 et
878 3540 995 3588 imnssns'o·

253 3623 274 3656 ⁴¹
289 3621 351 3683 poia]
367 3625 421 3681 puto
430 3619 596 3682 adtendamus,
606 3635 636 3670 sc.
648 3620 729 3680 morbi,
738 3621 844 3670 sieutillo
854 3617 884 3668 ad
894 3618 950 3667 vitia
957 3617 1092 3684 pertinent,¹¹
