<?xml version="1.0" encoding="UTF-8"?>
<!DOCTYPE html PUBLIC "-//W3C//DTD XHTML 1.0 Transitional//EN"
    "http://www.w3.org/TR/xhtml1/DTD/xhtml1-transitional.dtd">
<html xmlns="http://www.w3.org/1999/xhtml" xml:lang="en" lang="en">
 <head>
  <title>
</title>
<meta http-equiv="Content-Type" content="text/html;charset=utf-8" />
  <meta name='ocr-system' content='tesseract 3.04.00' />
  <meta name='ocr-capabilities' content='ocr_page ocr_carea ocr_par ocr_line ocrx_word'/>
</head>
<body>
  <div class='ocr_page' id='page_1' title='image "./mtvlliiciceroni11cicegoog/mtvlliiciceroni11cicegoog_0124.png"; bbox 0 0 2552 4208; ppageno 0'>
   <div class='ocr_carea' id='block_1_1' title="bbox 479 306 1065 380">
    <p class='ocr_par' dir='ltr' id='par_1_1' title="bbox 479 306 1065 380">
     <span class='ocr_line' id='line_1_1' title="bbox 479 306 1065 380; baseline -0.003 -17"><span class='ocrx_word' id='word_1_1' title='bbox 479 306 759 364; x_wconf 71' lang='lat' dir='ltr'>mantuanum·</span> <span class='ocrx_word' id='word_1_2' title='bbox 1003 315 1065 380; x_wconf 71' lang='lat'>113</span> 
     </span>
    </p>
   </div>
   <div class='ocr_carea' id='block_1_2' title="bbox 189 455 1161 2816">
    <p class='ocr_par' dir='ltr' id='par_1_2' title="bbox 189 455 1161 2816">
     <span class='ocr_line' id='line_1_2' title="bbox 191 455 1064 538; baseline -0.006 -14"><span class='ocrx_word' id='word_1_3' title='bbox 191 463 283 532; x_wconf 76' lang='lat' dir='ltr'>anina,</span> <span class='ocrx_word' id='word_1_4' title='bbox 309 477 380 538; x_wconf 91' lang='lat' dir='ltr'>quos</span> <span class='ocrx_word' id='word_1_5' title='bbox 401 461 538 534; x_wconf 76' lang='lat' dir='ltr'>eeleriter</span> <span class='ocrx_word' id='word_1_6' title='bbox 558 459 642 518; x_wconf 85' lang='lat' dir='ltr'>maiis</span> <span class='ocrx_word' id='word_1_7' title='bbox 665 457 800 527; x_wconf 79' lang='lat' dir='ltr'>moribm,</span> <span class='ocrx_word' id='word_1_8' title='bbox 821 455 1064 535; x_wconf 67' lang='lat' dir='ltr'>opinionibusque</span> 
     </span>
     <span class='ocr_line' id='line_1_3' title="bbox 191 560 1066 635; baseline -0.003 -14"><span class='ocrx_word' id='word_1_9' title='bbox 191 563 345 635; x_wconf 83' lang='lat' dir='ltr'>depravati</span> <span class='ocrx_word' id='word_1_10' title='bbox 358 561 403 618; x_wconf 87' lang='lat' dir='ltr'>sio</span> <span class='ocrx_word' id='word_1_11' title='bbox 414 560 627 634; x_wconf 73' lang='lat' dir='ltr'>restinguimus,</span> <span class='ocrx_word' id='word_1_12' title='bbox 638 563 669 617; x_wconf 93' lang='lat' dir='ltr'>nt</span> <span class='ocrx_word' id='word_1_13' title='bbox 681 575 819 633; x_wconf 89' lang='lat' dir='ltr'>nusquam</span> <span class='ocrx_word' id='word_1_14' title='bbox 832 563 953 616; x_wconf 84' lang='lat' dir='ltr'>naturae</span> <span class='ocrx_word' id='word_1_15' title='bbox 966 561 1066 618; x_wconf 88' lang='lat' dir='ltr'>iumen</span> 
     </span>
     <span class='ocr_line' id='line_1_4' title="bbox 189 657 1066 734; baseline -0.002 -16"><span class='ocrx_word' id='word_1_16' title='bbox 189 666 338 734; x_wconf 85' lang='lat' dir='ltr'>appareat.</span> <span class='ocrx_word' id='word_1_17' title='bbox 352 665 420 716; x_wconf 92' lang='lat' dir='ltr'>sunt</span> <span class='ocrx_word' id='word_1_18' title='bbox 441 659 521 716; x_wconf 92' lang='lat' dir='ltr'>enim</span> <span class='ocrx_word' id='word_1_19' title='bbox 545 657 672 733; x_wconf 77' lang='lat' dir='ltr'>ingeniis</span> <span class='ocrx_word' id='word_1_20' title='bbox 698 657 804 715; x_wconf 76' lang='lat' dir='ltr'>nostris</span> <span class='ocrx_word' id='word_1_21' title='bbox 825 657 939 716; x_wconf 84' lang='lat' dir='ltr'>semina</span> <span class='ocrx_word' id='word_1_22' title='bbox 962 657 1066 716; x_wconf 82' lang='lat' dir='ltr'>innata</span> 
     </span>
     <span class='ocr_line' id='line_1_5' title="bbox 192 755 1065 834; baseline -0.003 -18"><span class='ocrx_word' id='word_1_23' title='bbox 192 758 352 828; x_wconf 78' lang='lat' dir='ltr'>virtutnm3</span> <span class='ocrx_word' id='word_1_24' title='bbox 373 774 447 834; x_wconf 88' lang='lat' dir='ltr'>quae</span> <span class='ocrx_word' id='word_1_25' title='bbox 461 757 487 816; x_wconf 87' lang='lat' dir='ltr'>si</span> <span class='ocrx_word' id='word_1_26' title='bbox 501 757 668 816; x_wconf 77' lang='lat' dir='ltr'><strong>adolescere</strong></span> <span class='ocrx_word' id='word_1_27' title='bbox 680 755 791 824; x_wconf 79' lang='lat' dir='ltr'>liceret,</span> <span class='ocrx_word' id='word_1_28' title='bbox 805 755 869 830; x_wconf 89' lang='lat' dir='ltr'>ipsa</span> <span class='ocrx_word' id='word_1_29' title='bbox 881 773 934 814; x_wconf 90' lang='lat' dir='ltr'>nos</span> <span class='ocrx_word' id='word_1_30' title='bbox 948 758 986 816; x_wconf 86' lang='lat' dir='ltr'>ad</span> <span class='ocrx_word' id='word_1_31' title='bbox 1000 759 1065 814; x_wconf 82' lang='lat' dir='ltr'>bea·</span> 
     </span>
     <span class='ocr_line' id='line_1_6' title="bbox 194 856 1066 931; baseline -0.002 -15"><span class='ocrx_word' id='word_1_32' title='bbox 194 861 255 916; x_wconf 68' lang='lat' dir='ltr'>mm</span> <span class='ocrx_word' id='word_1_33' title='bbox 284 857 376 916; x_wconf 88' lang='lat' dir='ltr'>vitam</span> <span class='ocrx_word' id='word_1_34' title='bbox 405 863 508 916; x_wconf 85' lang='lat' dir='ltr'>natura</span> <span class='ocrx_word' id='word_1_35' title='bbox 531 858 712 931; x_wconf 75' lang='lat' dir='ltr'>perduceret.</span> <span class='ocrx_word' id='word_1_36' title='bbox 740 871 819 913; x_wconf 87' lang='lat' dir='ltr'>nuno</span> <span class='ocrx_word' id='word_1_37' title='bbox 845 861 953 923; x_wconf 87' lang='lat' dir='ltr'>antem,</span> <span class='ocrx_word' id='word_1_38' title='bbox 979 856 1066 914; x_wconf 88' lang='lat' dir='ltr'>simui</span> 
     </span>
     <span class='ocr_line' id='line_1_7' title="bbox 191 950 1067 1030; baseline -0.005 -14"><span class='ocrx_word' id='word_1_39' title='bbox 191 962 280 1030; x_wconf 84' lang='lat' dir='ltr'>atque</span> <span class='ocrx_word' id='word_1_40' title='bbox 291 958 362 1015; x_wconf 79' lang='lat' dir='ltr'>editi</span> <span class='ocrx_word' id='word_1_41' title='bbox 377 956 407 1014; x_wconf 90' lang='lat' dir='ltr'>in</span> <span class='ocrx_word' id='word_1_42' title='bbox 419 959 524 1024; x_wconf 88' lang='lat' dir='ltr'>inoem,</span> <span class='ocrx_word' id='word_1_43' title='bbox 547 961 578 1014; x_wconf 90' lang='lat' dir='ltr'>et</span> <span class='ocrx_word' id='word_1_44' title='bbox 591 953 720 1029; x_wconf 78' lang='lat' dir='ltr'>suseepti</span> <span class='ocrx_word' id='word_1_45' title='bbox 732 971 839 1019; x_wconf 73' lang='lat' dir='ltr'>sumus,</span> <span class='ocrx_word' id='word_1_46' title='bbox 853 950 885 1010; x_wconf 87' lang='lat' dir='ltr'>iu</span> <span class='ocrx_word' id='word_1_47' title='bbox 903 953 985 1011; x_wconf 90' lang='lat' dir='ltr'>omni</span> <span class='ocrx_word' id='word_1_48' title='bbox 997 970 1067 1012; x_wconf 86' lang='lat' dir='ltr'>oon·</span> 
     </span>
     <span class='ocr_line' id='line_1_8' title="bbox 190 1051 1066 1129; baseline -0.002 -16"><span class='ocrx_word' id='word_1_49' title='bbox 190 1055 274 1113; x_wconf 83' lang='lat' dir='ltr'>tinno</span> <span class='ocrx_word' id='word_1_50' title='bbox 288 1057 441 1129; x_wconf 78' lang='lat' dir='ltr'>pravitate,</span> <span class='ocrx_word' id='word_1_51' title='bbox 455 1063 485 1114; x_wconf 86' lang='lat' dir='ltr'>et</span> <span class='ocrx_word' id='word_1_52' title='bbox 507 1055 539 1114; x_wconf 92' lang='lat' dir='ltr'>in</span> <span class='ocrx_word' id='word_1_53' title='bbox 549 1071 662 1113; x_wconf 87' lang='lat' dir='ltr'>aumma</span> <span class='ocrx_word' id='word_1_54' title='bbox 675 1053 847 1128; x_wconf 83' lang='lat' dir='ltr'>opinionum</span> <span class='ocrx_word' id='word_1_55' title='bbox 872 1051 1066 1126; x_wconf 83' lang='lat' dir='ltr'>perversitate</span> 
     </span>
     <span class='ocr_line' id='line_1_9' title="bbox 192 1150 1066 1229; baseline -0.001 -19"><span class='ocrx_word' id='word_1_56' title='bbox 192 1169 361 1212; x_wconf 77' lang='lat' dir='ltr'>vereamurr</span> <span class='ocrx_word' id='word_1_57' title='bbox 384 1161 416 1212; x_wconf 89' lang='lat' dir='ltr'>ut</span> <span class='ocrx_word' id='word_1_58' title='bbox 435 1172 529 1229; x_wconf 89' lang='lat' dir='ltr'>paene</span> <span class='ocrx_word' id='word_1_59' title='bbox 542 1172 610 1212; x_wconf 89' lang='lat' dir='ltr'>oum</span> <span class='ocrx_word' id='word_1_60' title='bbox 626 1156 703 1212; x_wconf 83' lang='lat' dir='ltr'>tante</span> <span class='ocrx_word' id='word_1_61' title='bbox 726 1150 847 1209; x_wconf 86' lang='lat' dir='ltr'>nutricis</span> <span class='ocrx_word' id='word_1_62' title='bbox 861 1167 986 1208; x_wconf 84' lang='lat' dir='ltr'>errorem</span> <span class='ocrx_word' id='word_1_63' title='bbox 1001 1167 1066 1210; x_wconf 82' lang='lat' dir='ltr'>anx·</span> 
     </span>
     <span class='ocr_line' id='line_1_10' title="bbox 192 1247 1066 1327; baseline -0.002 -16"><span class='ocrx_word' id='word_1_64' title='bbox 192 1252 252 1311; x_wconf 84' lang='lat' dir='ltr'>isee</span> <span class='ocrx_word' id='word_1_65' title='bbox 268 1252 426 1312; x_wconf 80' lang='lat' dir='ltr'>videamur.</span> <span class='ocrx_word' id='word_1_66' title='bbox 441 1269 507 1310; x_wconf 91' lang='lat' dir='ltr'>oum</span> <span class='ocrx_word' id='word_1_67' title='bbox 524 1271 594 1310; x_wconf 87' lang='lat' dir='ltr'>vero</span> <span class='ocrx_word' id='word_1_68' title='bbox 607 1251 776 1327; x_wconf 78' lang='lat' dir='ltr'>parentibus</span> <span class='ocrx_word' id='word_1_69' title='bbox 789 1249 906 1317; x_wconf 81' lang='lat' dir='ltr'>redditi,</span> <span class='ocrx_word' id='word_1_70' title='bbox 925 1247 1066 1309; x_wconf 84' lang='lat' dir='ltr'>‘demum</span> 
     </span>
     <span class='ocr_line' id='line_1_11' title="bbox 192 1348 1067 1426; baseline -0.002 -16"><span class='ocrx_word' id='word_1_71' title='bbox 192 1353 338 1426; x_wconf 82' lang='lat' dir='ltr'>magistris</span> <span class='ocrx_word' id='word_1_72' title='bbox 350 1350 449 1409; x_wconf 84' lang='lat' dir='ltr'>traditi</span> <span class='ocrx_word' id='word_1_73' title='bbox 457 1367 566 1418; x_wconf 80' lang='lat' dir='ltr'>numus,</span> <span class='ocrx_word' id='word_1_74' title='bbox 575 1357 636 1408; x_wconf 90' lang='lat' dir='ltr'>tum</span> <span class='ocrx_word' id='word_1_75' title='bbox 645 1352 687 1408; x_wconf 90' lang='lat' dir='ltr'>ita</span> <span class='ocrx_word' id='word_1_76' title='bbox 696 1350 786 1409; x_wconf 88' lang='lat' dir='ltr'>variis</span> <span class='ocrx_word' id='word_1_77' title='bbox 799 1349 956 1408; x_wconf 80' lang='lat' dir='ltr'>imbuimur</span> <span class='ocrx_word' id='word_1_78' title='bbox 965 1348 1067 1408; x_wconf 83' lang='lat' dir='ltr'>errori·</span> 
     </span>
     <span class='ocr_line' id='line_1_12' title="bbox 192 1449 1067 1522; baseline -0.005 -12"><span class='ocrx_word' id='word_1_79' title='bbox 192 1452 255 1519; x_wconf 84' lang='lat' dir='ltr'>bna,</span> <span class='ocrx_word' id='word_1_80' title='bbox 268 1458 300 1508; x_wconf 91' lang='lat' dir='ltr'>ut</span> <span class='ocrx_word' id='word_1_81' title='bbox 315 1450 440 1508; x_wconf 86' lang='lat' dir='ltr'>vanitati</span> <span class='ocrx_word' id='word_1_82' title='bbox 450 1449 570 1516; x_wconf 82' lang='lat' dir='ltr'>veritas,</span> <span class='ocrx_word' id='word_1_83' title='bbox 578 1456 607 1507; x_wconf 86' lang='lat' dir='ltr'>et</span> <span class='ocrx_word' id='word_1_84' title='bbox 618 1450 751 1522; x_wconf 89' lang='lat' dir='ltr'>opinioni</span> <span class='ocrx_word' id='word_1_85' title='bbox 760 1449 948 1506; x_wconf 85' lang='lat' dir='ltr'>oonfirmatae</span> <span class='ocrx_word' id='word_1_86' title='bbox 964 1455 1067 1506; x_wconf 90' lang='lat' dir='ltr'>natura</span> 
     </span>
     <span class='ocr_line' id='line_1_13' title="bbox 194 1545 1097 1623; baseline -0.003 -16"><span class='ocrx_word' id='word_1_87' title='bbox 194 1548 259 1623; x_wconf 84' lang='lat' dir='ltr'>ipae</span> <span class='ocrx_word' id='word_1_88' title='bbox 271 1551 367 1606; x_wconf 83' lang='lat' dir='ltr'>aedat.</span> <span class='ocrx_word' id='word_1_89' title='bbox 410 1549 568 1607; x_wconf 82' lang='lat' dir='ltr'>Aooedunt</span> <span class='ocrx_word' id='word_1_90' title='bbox 579 1548 667 1604; x_wconf 88' lang='lat' dir='ltr'>etiam</span> <span class='ocrx_word' id='word_1_91' title='bbox 683 1547 804 1620; x_wconf 70' lang='lat' dir='ltr'>poitae:</span> <span class='ocrx_word' id='word_1_92' title='bbox 826 1547 876 1620; x_wconf 90' lang='lat' dir='ltr'>qui</span> <span class='ocrx_word' id='word_1_93' title='bbox 888 1545 899 1577; x_wconf 79' lang='lat'>⁵</span> <span class='ocrx_word' id='word_1_94' title='bbox 909 1563 975 1604; x_wconf 84' lang='lat' dir='ltr'>cum</span> <span class='ocrx_word' id='word_1_95' title='bbox 989 1555 1097 1620; x_wconf 70' lang='lat' dir='ltr'>mag-2</span> 
     </span>
     <span class='ocr_line' id='line_1_14' title="bbox 192 1645 1068 1720; baseline -0.002 -15"><span class='ocrx_word' id='word_1_96' title='bbox 192 1663 263 1706; x_wconf 86' lang='lat' dir='ltr'>nam</span> <span class='ocrx_word' id='word_1_97' title='bbox 272 1648 402 1720; x_wconf 86' lang='lat' dir='ltr'>speeiem</span> <span class='ocrx_word' id='word_1_98' title='bbox 413 1645 574 1711; x_wconf 84' lang='lat' dir='ltr'>doctrinae,</span> <span class='ocrx_word' id='word_1_99' title='bbox 582 1645 799 1719; x_wconf 74' lang='lat' dir='ltr'>sapientiaeque</span> <span class='ocrx_word' id='word_1_100' title='bbox 809 1661 876 1717; x_wconf 85' lang='lat' dir='ltr'>prae</span> <span class='ocrx_word' id='word_1_101' title='bbox 888 1659 920 1701; x_wconf 88' lang='lat' dir='ltr'>se</span> <span class='ocrx_word' id='word_1_102' title='bbox 929 1647 1068 1714; x_wconf 83' lang='lat' dir='ltr'>tuterunt,</span> 
     </span>
     <span class='ocr_line' id='line_1_15' title="bbox 194 1745 1068 1822; baseline 0 -18"><span class='ocrx_word' id='word_1_103' title='bbox 194 1747 358 1812; x_wconf 84' lang='lat' dir='ltr'>audiuntur,</span> <span class='ocrx_word' id='word_1_104' title='bbox 372 1749 514 1822; x_wconf 80' lang='lat' dir='ltr'>teguntur,</span> <span class='ocrx_word' id='word_1_105' title='bbox 528 1746 705 1812; x_wconf 77' lang='lat' dir='ltr'>ediscuntur,</span> <span class='ocrx_word' id='word_1_106' title='bbox 723 1751 754 1802; x_wconf 89' lang='lat' dir='ltr'>et</span> <span class='ocrx_word' id='word_1_107' title='bbox 766 1745 972 1805; x_wconf 78' lang='lat' dir='ltr'>inhaerescunt</span> <span class='ocrx_word' id='word_1_108' title='bbox 987 1746 1068 1820; x_wconf 90' lang='lat' dir='ltr'>peni·</span> 
     </span>
     <span class='ocr_line' id='line_1_16' title="bbox 192 1829 1066 1932; baseline 0 -30"><span class='ocrx_word' id='word_1_109' title='bbox 192 1829 238 1902; x_wconf 78' lang='lat' dir='ltr'>tuo</span> <span class='ocrx_word' id='word_1_110' title='bbox 258 1846 290 1904; x_wconf 91' lang='lat' dir='ltr'>in</span> <span class='ocrx_word' id='word_1_111' title='bbox 315 1847 468 1904; x_wconf 87' lang='lat' dir='ltr'>mentibus.</span> <span class='ocrx_word' id='word_1_112' title='bbox 489 1845 575 1904; x_wconf 74' lang='lat' dir='ltr'>“oum</span> <span class='ocrx_word' id='word_1_113' title='bbox 599 1861 670 1904; x_wconf 85' lang='lat' dir='ltr'>vero</span> <span class='ocrx_word' id='word_1_114' title='bbox 689 1846 793 1932; x_wconf 68' lang='lat' dir='ltr'>eodem</span> <span class='ocrx_word' id='word_1_115' title='bbox 816 1847 897 1921; x_wconf 85' lang='lat' dir='ltr'>quasi</span> <span class='ocrx_word' id='word_1_116' title='bbox 922 1845 1066 1906; x_wconf 82' lang='lat' dir='ltr'>maximus</span> 
     </span>
     <span class='ocr_line' id='line_1_17' title="bbox 193 1944 1066 2022; baseline 0.002 -22"><span class='ocrx_word' id='word_1_117' title='bbox 193 1944 311 2020; x_wconf 83' lang='lat' dir='ltr'>quidem</span> <span class='ocrx_word' id='word_1_118' title='bbox 326 1945 472 2020; x_wconf 80' lang='lat' dir='ltr'>magister,</span> <span class='ocrx_word' id='word_1_119' title='bbox 497 1946 628 2020; x_wconf 81' lang='lat' dir='ltr'>populun,</span> <span class='ocrx_word' id='word_1_120' title='bbox 651 1951 737 2020; x_wconf 89' lang='lat' dir='ltr'>atque</span> <span class='ocrx_word' id='word_1_121' title='bbox 760 1945 855 2004; x_wconf 88' lang='lat' dir='ltr'>omnis</span> <span class='ocrx_word' id='word_1_122' title='bbox 879 1945 1006 2022; x_wconf 82' lang='lat' dir='ltr'>nudique</span> <span class='ocrx_word' id='word_1_123' title='bbox 1028 1946 1066 2002; x_wconf 89' lang='lat' dir='ltr'>ad</span> 
     </span>
     <span class='ocr_line' id='line_1_18' title="bbox 193 2043 1067 2120; baseline 0.003 -20"><span class='ocrx_word' id='word_1_124' title='bbox 193 2043 472 2104; x_wconf 81' lang='lat' dir='ltr'>vitia‘oonsentiens</span> <span class='ocrx_word' id='word_1_125' title='bbox 487 2046 650 2114; x_wconf 83' lang='lat' dir='ltr'>multitudo,</span> <span class='ocrx_word' id='word_1_126' title='bbox 666 2051 726 2103; x_wconf 91' lang='lat' dir='ltr'>tum</span> <span class='ocrx_word' id='word_1_127' title='bbox 746 2047 833 2120; x_wconf 88' lang='lat' dir='ltr'>piane</span> <span class='ocrx_word' id='word_1_128' title='bbox 847 2045 992 2104; x_wconf 80' lang='lat' dir='ltr'>inficimur</span> <span class='ocrx_word' id='word_1_129' title='bbox 1006 2045 1067 2120; x_wconf 89' lang='lat' dir='ltr'>opi·</span> 
     </span>
     <span class='ocr_line' id='line_1_19' title="bbox 192 2143 1161 2222; baseline 0.004 -22"><span class='ocrx_word' id='word_1_130' title='bbox 192 2143 313 2202; x_wconf 90' lang='lat' dir='ltr'>nionum</span> <span class='ocrx_word' id='word_1_131' title='bbox 328 2146 483 2219; x_wconf 77' lang='lat' dir='ltr'>pravitate,</span> <span class='ocrx_word' id='word_1_132' title='bbox 494 2164 513 2203; x_wconf 89' lang='lat' dir='ltr'>a</span> <span class='ocrx_word' id='word_1_133' title='bbox 533 2151 690 2222; x_wconf 81' lang='lat' dir='ltr'>naturaque</span> <span class='ocrx_word' id='word_1_134' title='bbox 708 2146 917 2204; x_wconf 78' lang='lat' dir='ltr'>desciscimus:</span> <span class='ocrx_word' id='word_1_135' title='bbox 937 2151 968 2204; x_wconf 88' lang='lat' dir='ltr'>ut</span> <span class='ocrx_word' id='word_1_136' title='bbox 982 2147 1066 2204; x_wconf 90' lang='lat' dir='ltr'>nobis</span> <span class='ocrx_word' id='word_1_137' title='bbox 1159 2169 1161 2172; x_wconf 94' lang='lat'>·</span> 
     </span>
     <span class='ocr_line' id='line_1_20' title="bbox 191 2242 1067 2321; baseline 0.005 -21"><span class='ocrx_word' id='word_1_138' title='bbox 191 2242 355 2320; x_wconf 78' lang='lat' dir='ltr'>&#39;optimam</span> <span class='ocrx_word' id='word_1_139' title='bbox 384 2251 516 2302; x_wconf 90' lang='lat' dir='ltr'>naturam</span> <span class='ocrx_word' id='word_1_140' title='bbox 543 2244 686 2302; x_wconf 73' lang='lat' dir='ltr'>inuidisse</span> <span class='ocrx_word' id='word_1_141' title='bbox 715 2245 880 2316; x_wconf 80' lang='lat' dir='ltr'>videantur,</span> <span class='ocrx_word' id='word_1_142' title='bbox 909 2245 958 2321; x_wconf 90' lang='lat' dir='ltr'>qni</span> <span class='ocrx_word' id='word_1_143' title='bbox 991 2245 1067 2304; x_wconf 85' lang='lat' dir='ltr'>nihii</span> 
     </span>
     <span class='ocr_line' id='line_1_21' title="bbox 192 2342 1066 2418; baseline 0.002 -18"><span class='ocrx_word' id='word_1_144' title='bbox 192 2342 298 2400; x_wconf 87' lang='lat' dir='ltr'>melius</span> <span class='ocrx_word' id='word_1_145' title='bbox 313 2344 434 2409; x_wconf 85' lang='lat' dir='ltr'>homiui,</span> <span class='ocrx_word' id='word_1_146' title='bbox 447 2343 520 2400; x_wconf 90' lang='lat' dir='ltr'>nihii</span> <span class='ocrx_word' id='word_1_147' title='bbox 543 2344 635 2418; x_wconf 80' lang='lat' dir='ltr'>magis</span> <span class='ocrx_word' id='word_1_148' title='bbox 653 2347 862 2418; x_wconf 82' lang='lat' dir='ltr'>expetendum,</span> <span class='ocrx_word' id='word_1_149' title='bbox 876 2345 950 2415; x_wconf 82' lang='lat' dir='ltr'>nihii</span> <span class='ocrx_word' id='word_1_150' title='bbox 972 2361 1066 2418; x_wconf 84' lang='lat' dir='ltr'>praes-</span> 
     </span>
     <span class='ocr_line' id='line_1_22' title="bbox 196 2442 1066 2519; baseline 0.006 -23"><span class='ocrx_word' id='word_1_151' title='bbox 196 2442 305 2497; x_wconf 89' lang='lat' dir='ltr'>tantius</span> <span class='ocrx_word' id='word_1_152' title='bbox 320 2442 485 2507; x_wconf 77' lang='lat' dir='ltr'>honoribus,</span> <span class='ocrx_word' id='word_1_153' title='bbox 505 2443 643 2516; x_wconf 82' lang='lat' dir='ltr'>imperiis,</span> <span class='ocrx_word' id='word_1_154' title='bbox 659 2444 788 2517; x_wconf 85' lang='lat' dir='ltr'>populari</span> <span class='ocrx_word' id='word_1_155' title='bbox 800 2445 894 2519; x_wconf 83' lang='lat' dir='ltr'>gioria</span> <span class='ocrx_word' id='word_1_156' title='bbox 911 2445 1066 2516; x_wconf 85' lang='lat' dir='ltr'>judicave-</span> 
     </span>
     <span class='ocr_line' id='line_1_23' title="bbox 194 2539 1066 2618; baseline 0.009 -24"><span class='ocrx_word' id='word_1_157' title='bbox 194 2543 270 2595; x_wconf 92' lang='lat' dir='ltr'>runt.</span> <span class='ocrx_word' id='word_1_158' title='bbox 285 2539 321 2594; x_wconf 82' lang='lat' dir='ltr'>ari</span> <span class='ocrx_word' id='word_1_159' title='bbox 335 2557 420 2612; x_wconf 86' lang='lat' dir='ltr'>quam</span> <span class='ocrx_word' id='word_1_160' title='bbox 435 2539 523 2596; x_wconf 87' lang='lat' dir='ltr'>iertur</span> <span class='ocrx_word' id='word_1_161' title='bbox 537 2542 662 2614; x_wconf 88' lang='lat' dir='ltr'>optimus</span> <span class='ocrx_word' id='word_1_162' title='bbox 676 2541 806 2616; x_wconf 82' lang='lat' dir='ltr'>quiaque,</span> <span class='ocrx_word' id='word_1_163' title='bbox 816 2559 970 2618; x_wconf 84' lang='lat' dir='ltr'>veramque</span> <span class='ocrx_word' id='word_1_164' title='bbox 985 2545 1066 2602; x_wconf 81' lang='lat' dir='ltr'>iiiam</span> 
     </span>
     <span class='ocr_line' id='line_1_24' title="bbox 193 2635 1066 2714; baseline 0.007 -20"><span class='ocrx_word' id='word_1_165' title='bbox 193 2635 377 2694; x_wconf 73' lang='lat' dir='ltr'>honestatem</span> <span class='ocrx_word' id='word_1_166' title='bbox 404 2643 558 2711; x_wconf 82' lang='lat' dir='ltr'>expetens,</span> <span class='ocrx_word' id='word_1_167' title='bbox 579 2638 684 2714; x_wconf 90' lang='lat' dir='ltr'>&#39;quam</span> <span class='ocrx_word' id='word_1_168' title='bbox 710 2658 797 2698; x_wconf 90' lang='lat' dir='ltr'>unam</span> <span class='ocrx_word' id='word_1_169' title='bbox 815 2648 918 2699; x_wconf 90' lang='lat' dir='ltr'>natura</span> <span class='ocrx_word' id='word_1_170' title='bbox 937 2643 1066 2700; x_wconf 81' lang='lat' dir='ltr'>maxima</span> 
     </span>
     <span class='ocr_line' id='line_1_25' title="bbox 191 2735 1067 2816; baseline 0.005 -22"><span class='ocrx_word' id='word_1_171' title='bbox 191 2735 322 2812; x_wconf 80' lang='lat' dir='ltr'>inquirit,</span> <span class='ocrx_word' id='word_1_172' title='bbox 336 2737 367 2794; x_wconf 92' lang='lat' dir='ltr'>in</span> <span class='ocrx_word' id='word_1_173' title='bbox 381 2753 492 2794; x_wconf 83' lang='lat' dir='ltr'>summa</span> <span class='ocrx_word' id='word_1_174' title='bbox 507 2737 651 2795; x_wconf 87' lang='lat' dir='ltr'>inanitate</span> <span class='ocrx_word' id='word_1_175' title='bbox 666 2743 805 2806; x_wconf 87' lang='lat' dir='ltr'>versatur,</span> <span class='ocrx_word' id='word_1_176' title='bbox 826 2743 1067 2816; x_wconf 79' lang='lat' dir='ltr'>consectaturque</span> 
     </span>
    </p>
   </div>
   <div class='ocr_carea' id='block_1_3' title="bbox 194 2889 1066 3188">
    <p class='ocr_par' dir='ltr' id='par_1_3' title="bbox 194 2889 1066 3188">
     <span class='ocr_line' id='line_1_26' title="bbox 224 2889 1063 2954; baseline 0.006 -18"><span class='ocrx_word' id='word_1_177' title='bbox 224 2891 235 2924; x_wconf 81' lang='lat'><strong>⁴</strong></span> <span class='ocrx_word' id='word_1_178' title='bbox 249 2891 338 2936; x_wconf 80' lang='lat' dir='ltr'>demum</span> <span class='ocrx_word' id='word_1_179' title='bbox 349 2905 406 2948; x_wconf 72' lang='lat' dir='ltr'>mog.</span> <span class='ocrx_word' id='word_1_180' title='bbox 418 2890 458 2950; x_wconf 66' lang='lat' dir='ltr'>tr.)</span> <span class='ocrx_word' id='word_1_181' title='bbox 474 2903 493 2936; x_wconf 87' lang='lat' dir='ltr'>e.</span> <span class='ocrx_word' id='word_1_182' title='bbox 507 2889 555 2936; x_wconf 83' lang='lat' dir='ltr'>Me.</span> <span class='ocrx_word' id='word_1_183' title='bbox 567 2890 641 2938; x_wconf 81' lang='lat' dir='ltr'>Vatie.</span> <span class='ocrx_word' id='word_1_184' title='bbox 652 2891 705 2938; x_wconf 72' lang='lat' dir='ltr'>dein</span> <span class='ocrx_word' id='word_1_185' title='bbox 715 2891 778 2953; x_wconf 70' lang='lat' dir='ltr'>desiit</span> <span class='ocrx_word' id='word_1_186' title='bbox 790 2891 899 2948; x_wconf 74' lang='lat' dir='ltr'>Uarinius,</span> <span class='ocrx_word' id='word_1_187' title='bbox 910 2891 967 2939; x_wconf 84' lang='lat' dir='ltr'>hene</span> <span class='ocrx_word' id='word_1_188' title='bbox 976 2893 1063 2954; x_wconf 85' lang='lat' dir='ltr'>opinor.</span> 
     </span>
     <span class='ocr_line' id='line_1_27' title="bbox 194 2949 1065 3010; baseline 0.007 -16"><span class='ocrx_word' id='word_1_189' title='bbox 194 2949 284 2996; x_wconf 78' lang='lat' dir='ltr'>domum</span> <span class='ocrx_word' id='word_1_190' title='bbox 295 2955 369 2996; x_wconf 81' lang='lat' dir='ltr'>tamen</span> <span class='ocrx_word' id='word_1_191' title='bbox 379 2949 485 3010; x_wconf 82' lang='lat' dir='ltr'>explicari</span> <span class='ocrx_word' id='word_1_192' title='bbox 495 2956 571 3010; x_wconf 83' lang='lat' dir='ltr'>potent</span> <span class='ocrx_word' id='word_1_193' title='bbox 581 2964 624 2997; x_wconf 90' lang='lat' dir='ltr'>non</span> <span class='ocrx_word' id='word_1_194' title='bbox 634 2951 772 2997; x_wconf 87' lang='lat' dir='ltr'>incommode</span> <span class='ocrx_word' id='word_1_195' title='bbox 781 2954 870 2998; x_wconf 87' lang='lat' dir='ltr'>tandem</span> <span class='ocrx_word' id='word_1_196' title='bbox 881 2957 904 2997; x_wconf 84' lang='lat' dir='ltr'>et</span> <span class='ocrx_word' id='word_1_197' title='bbox 914 2953 984 3000; x_wconf 77' lang='lat' dir='ltr'>surina</span> <span class='ocrx_word' id='word_1_198' title='bbox 995 2973 1000 2998; x_wconf 70' lang='grc' dir='ltr'><strong><em>ι</em></strong></span> <span class='ocrx_word' id='word_1_199' title='bbox 1017 2953 1065 3002; x_wconf 83' lang='grc' dir='ltr'>Μι.</span> 
     </span>
     <span class='ocr_line' id='line_1_28' title="bbox 194 3007 1065 3074; baseline 0.007 -21"><span class='ocrx_word' id='word_1_200' title='bbox 194 3007 268 3054; x_wconf 81' lang='lat' dir='ltr'>(ineis.</span> <span class='ocrx_word' id='word_1_201' title='bbox 281 3022 322 3069; x_wconf 88' lang='lat' dir='ltr'>pro</span> <span class='ocrx_word' id='word_1_202' title='bbox 336 3009 426 3054; x_wconf 61' lang='lat' dir='ltr'>&amp;mrim</span> <span class='ocrx_word' id='word_1_203' title='bbox 444 3009 513 3056; x_wconf 86' lang='lat' dir='ltr'>habet</span> <span class='ocrx_word' id='word_1_204' title='bbox 532 3011 574 3065; x_wconf 81' lang='lat' dir='ltr'>uei,</span> <span class='ocrx_word' id='word_1_205' title='bbox 586 3011 643 3074; x_wconf 85' lang='lat' dir='ltr'>qnod</span> <span class='ocrx_word' id='word_1_206' title='bbox 655 3017 688 3056; x_wconf 87' lang='lat' dir='ltr'>eat</span> <span class='ocrx_word' id='word_1_207' title='bbox 705 3011 833 3058; x_wconf 80' lang='lat' dir='ltr'>facillimum</span> <span class='ocrx_word' id='word_1_208' title='bbox 845 3011 929 3058; x_wconf 76' lang='lat' dir='ltr'>redditi</span> <span class='ocrx_word' id='word_1_209' title='bbox 936 3012 1065 3068; x_wconf 71' lang='lat' dir='ltr'>parentium</span> 
     </span>
     <span class='ocr_line' id='line_1_29' title="bbox 195 3067 1066 3124; baseline 0.006 -11"><span class='ocrx_word' id='word_1_210' title='bbox 195 3067 299 3113; x_wconf 84' lang='lat' dir='ltr'>dicuntur</span> <span class='ocrx_word' id='word_1_211' title='bbox 313 3067 385 3124; x_wconf 76' lang='lat' dir='ltr'>liberi,</span> <span class='ocrx_word' id='word_1_212' title='bbox 401 3083 450 3115; x_wconf 85' lang='lat' dir='ltr'>curn</span> <span class='ocrx_word' id='word_1_213' title='bbox 471 3083 484 3114; x_wconf 87' lang='lat' dir='ltr'>e</span> <span class='ocrx_word' id='word_1_214' title='bbox 500 3069 600 3118; x_wconf 76' lang='lat' dir='ltr'>menibus</span> <span class='ocrx_word' id='word_1_215' title='bbox 622 3069 712 3118; x_wconf 69' lang='lat' dir='ltr'>nntmria</span> <span class='ocrx_word' id='word_1_216' title='bbox 730 3075 755 3118; x_wconf 84' lang='lat' dir='ltr'>et</span> <span class='ocrx_word' id='word_1_217' title='bbox 773 3071 869 3118; x_wconf 82' lang='lat' dir='ltr'>aliarum</span> <span class='ocrx_word' id='word_1_218' title='bbox 886 3071 1017 3119; x_wconf 80' lang='lat' dir='ltr'>ancillarum</span> <span class='ocrx_word' id='word_1_219' title='bbox 1037 3075 1066 3120; x_wconf 85' lang='lat' dir='ltr'>nsi</span> 
     </span>
     <span class='ocr_line' id='line_1_30' title="bbox 195 3128 701 3188; baseline 0.008 -16"><span class='ocrx_word' id='word_1_220' title='bbox 195 3133 299 3188; x_wconf 85' lang='lat' dir='ltr'>parentes</span> <span class='ocrx_word' id='word_1_221' title='bbox 310 3129 412 3184; x_wconf 69' lang='lat' dir='ltr'>redonat,</span> <span class='ocrx_word' id='word_1_222' title='bbox 423 3143 473 3174; x_wconf 85' lang='lat' dir='ltr'>eum</span> <span class='ocrx_word' id='word_1_223' title='bbox 484 3128 511 3176; x_wconf 84' lang='lat' dir='ltr'>iis</span> <span class='ocrx_word' id='word_1_224' title='bbox 523 3133 701 3186; x_wconf 65' lang='lat' dir='ltr'>venenoque.</span> 
     </span>
    </p>
   </div>
   <div class='ocr_carea' id='block_1_4' title="bbox 223 3205 869 3269">
    <p class='ocr_par' dir='ltr' id='par_1_4' title="bbox 223 3205 869 3269">
     <span class='ocr_line' id='line_1_31' title="bbox 223 3205 869 3269; baseline 0.009 -17"><span class='ocrx_word' id='word_1_225' title='bbox 223 3205 236 3238; x_wconf 77' lang='lat'>⁸</span> <span class='ocrx_word' id='word_1_226' title='bbox 250 3221 300 3253; x_wconf 82' lang='lat' dir='ltr'>oum</span> <span class='ocrx_word' id='word_1_227' title='bbox 311 3221 339 3253; x_wconf 85' lang='lat' dir='ltr'>m.</span> <span class='ocrx_word' id='word_1_228' title='bbox 356 3207 447 3264; x_wconf 80' lang='lat' dir='ltr'>speciem</span> <span class='ocrx_word' id='word_1_229' title='bbox 455 3222 509 3266; x_wconf 80' lang='lat' dir='ltr'>prae</span> <span class='ocrx_word' id='word_1_230' title='bbox 519 3223 541 3256; x_wconf 80' lang='lat' dir='ltr'>se</span> <span class='ocrx_word' id='word_1_231' title='bbox 551 3209 662 3269; x_wconf 66' lang='lat' dir='ltr'>tulerant}</span> <span class='ocrx_word' id='word_1_232' title='bbox 681 3209 756 3256; x_wconf 87' lang='lat' dir='ltr'>malim</span> <span class='ocrx_word' id='word_1_233' title='bbox 767 3210 869 3258; x_wconf 81' lang='lat' dir='ltr'>interint.</span> 
     </span>
    </p>
   </div>
   <div class='ocr_carea' id='block_1_5' title="bbox 196 3283 1065 3392">
    <p class='ocr_par' dir='ltr' id='par_1_5' title="bbox 196 3283 1065 3392">
     <span class='ocr_line' id='line_1_32' title="bbox 225 3283 1065 3349; baseline 0.01 -18"><span class='ocrx_word' id='word_1_234' title='bbox 225 3283 236 3316; x_wconf 79' lang='lat'>⁸</span> <span class='ocrx_word' id='word_1_235' title='bbox 251 3299 302 3332; x_wconf 83' lang='lat' dir='ltr'>rom</span> <span class='ocrx_word' id='word_1_236' title='bbox 312 3301 364 3332; x_wconf 76' lang='lat' dir='ltr'>oron</span> <span class='ocrx_word' id='word_1_237' title='bbox 374 3286 456 3348; x_wconf 78' lang='lat' dir='ltr'>eodem]</span> <span class='ocrx_word' id='word_1_238' title='bbox 477 3287 610 3349; x_wconf 82' lang='lat' dir='ltr'>enuperiori</span> <span class='ocrx_word' id='word_1_239' title='bbox 626 3287 695 3335; x_wconf 84' lang='lat' dir='ltr'>serbo</span> <span class='ocrx_word' id='word_1_240' title='bbox 709 3289 824 3346; x_wconf 77' lang='lat' dir='ltr'>accedunt,</span> <span class='ocrx_word' id='word_1_241' title='bbox 836 3289 876 3337; x_wconf 86' lang='lat' dir='ltr'>int.</span> <span class='ocrx_word' id='word_1_242' title='bbox 896 3291 986 3337; x_wconf 74' lang='lat' dir='ltr'>accedit.</span> <span class='ocrx_word' id='word_1_243' title='bbox 1019 3289 1065 3344; x_wconf 80' lang='lat' dir='ltr'>lia·</span> 
     </span>
     <span class='ocr_line' id='line_1_33' title="bbox 196 3341 860 3392; baseline 0.017 -6"><span class='ocrx_word' id='word_1_244' title='bbox 196 3341 263 3390; x_wconf 79' lang='lat' dir='ltr'>virius</span> <span class='ocrx_word' id='word_1_245' title='bbox 272 3345 340 3391; x_wconf 83' lang='lat' dir='ltr'>etiarn</span> <span class='ocrx_word' id='word_1_246' title='bbox 350 3344 372 3392; x_wconf 89' lang='lat' dir='ltr'>io</span> <span class='ocrx_word' id='word_1_247' title='bbox 383 3345 453 3392; x_wconf 80' lang='lat' dir='ltr'>teitu.</span> <span class='ocrx_word' id='word_1_248' title='bbox 857 3359 860 3365; x_wconf 92' lang='lat'>&#39;</span> 
     </span>
    </p>
   </div>
   <div class='ocr_carea' id='block_1_6' title="bbox 198 3423 1070 3530">
    <p class='ocr_par' dir='ltr' id='par_1_6' title="bbox 198 3423 1070 3530">
     <span class='ocr_line' id='line_1_34' title="bbox 198 3423 1070 3530; baseline 0.015 -60"><span class='ocrx_word' id='word_1_249' title='bbox 198 3423 356 3530; x_wconf 48' lang='lat' dir='ltr'>bsmoptimam</span> <span class='ocrx_word' id='word_1_250' title='bbox 366 3429 472 3474; x_wconf 80' lang='lat' dir='ltr'>naturum</span> <span class='ocrx_word' id='word_1_251' title='bbox 490 3428 616 3490; x_wconf 79' lang='lat' dir='ltr'>inuidisse]</span> <span class='ocrx_word' id='word_1_252' title='bbox 647 3427 752 3478; x_wconf 68' lang='lat' dir='ltr'>naviuin·</span> <span class='ocrx_word' id='word_1_253' title='bbox 761 3429 859 3478; x_wconf 75' lang='lat' dir='ltr'>corrosit</span> <span class='ocrx_word' id='word_1_254' title='bbox 873 3431 976 3491; x_wconf 75' lang='lat' dir='ltr'>optimos</span> <span class='ocrx_word' id='word_1_255' title='bbox 987 3435 1070 3496; x_wconf 57' lang='lat' dir='ltr'>motio</span> 
     </span>
    </p>
   </div>
   <div class='ocr_carea' id='block_1_7' title="bbox 226 3559 1065 3703">
    <p class='ocr_par' dir='ltr' id='par_1_7' title="bbox 226 3559 1065 3703">
     <span class='ocr_line' id='line_1_35' title="bbox 226 3559 1065 3630; baseline 0.011 -23"><span class='ocrx_word' id='word_1_256' title='bbox 226 3559 237 3592; x_wconf 81' lang='lat'>⁸</span> <span class='ocrx_word' id='word_1_257' title='bbox 252 3576 317 3620; x_wconf 83' lang='lat' dir='ltr'>qnam</span> <span class='ocrx_word' id='word_1_258' title='bbox 327 3578 399 3610; x_wconf 76' lang='lat' dir='ltr'>annm</span> <span class='ocrx_word' id='word_1_259' title='bbox 416 3581 426 3600; x_wconf 65' lang='grc' dir='ltr'><strong><em>ι</em></strong></span> <span class='ocrx_word' id='word_1_260' title='bbox 443 3589 450 3599; x_wconf 92' lang='grc'>-</span> <span class='ocrx_word' id='word_1_261' title='bbox 469 3565 579 3628; x_wconf 81' lang='lat' dir='ltr'>inquirit]</span> <span class='ocrx_word' id='word_1_262' title='bbox 599 3579 668 3614; x_wconf 76' lang='lat' dir='ltr'>unam</span> <span class='ocrx_word' id='word_1_263' title='bbox 678 3581 720 3628; x_wconf 87' lang='lat' dir='ltr'>pro</span> <span class='ocrx_word' id='word_1_264' title='bbox 730 3569 823 3630; x_wconf 77' lang='lat' dir='ltr'>rutqato</span> <span class='ocrx_word' id='word_1_265' title='bbox 832 3583 879 3622; x_wconf 83' lang='lat' dir='ltr'>uns</span> <span class='ocrx_word' id='word_1_266' title='bbox 889 3571 946 3622; x_wconf 84' lang='lat' dir='ltr'>brse</span> <span class='ocrx_word' id='word_1_267' title='bbox 955 3572 1065 3622; x_wconf 78' lang='lat' dir='ltr'>Darisim.</span> 
     </span>
     <span class='ocr_line' id='line_1_36' title="bbox 237 3645 720 3703; baseline 0.006 -3"><span class='ocrx_word' id='word_1_268' title='bbox 237 3658 307 3701; x_wconf 76' lang='lat' dir='ltr'>sou.</span> <span class='ocrx_word' id='word_1_269' title='bbox 323 3661 375 3703; x_wconf 85' lang='lat' dir='ltr'>xv.</span> <span class='ocrx_word' id='word_1_270' title='bbox 657 3645 720 3703; x_wconf 69' lang='lat'>10*</span> 
     </span>
    </p>
   </div>
   <div class='ocr_carea' id='block_1_8' title="bbox 0 0 1284 4208">
    <p class='ocr_par' dir='ltr' id='par_1_8' title="bbox 0 0 1284 4208">
     <span class='ocr_line' id='line_1_37' title="bbox 0 0 1284 4208; baseline 0 0"><span class='ocrx_word' id='word_1_271' title='bbox 0 0 1284 4208; x_wconf 95' lang='lat' dir='ltr'> </span> 
     </span>
    </p>
   </div>
  </div>
 </body>
</html>
