2548 4208
464 343 564 426 rusus
577 373 731 428 cururua.
962 383 1025 443 241

155 529 215 585 tum
248 523 397 584 subtilitas
429 523 602 594 disserendi,
635 527 696 583 turn
726 523 836 584 veritas
861 522 1028 601 judicandi.
1046 497 1059 515 ⁴

155 625 222 698 Quo
236 625 355 682 tandem
376 623 464 699 igitur
483 624 589 699 gaudis
602 625 679 683 affici
694 643 815 686 neonus
828 630 874 684 est
885 623 1028 699 sepientis

152 723 292 789 animum,
305 741 373 782 cunr
387 723 433 780 his
445 724 625 782 habitantem
638 730 915 800 pernoctantemque
928 720 1028 784 curis?

152 827 194 888 ut,
207 839 274 879 euna
287 821 374 880 totius
395 823 493 882 muudi
508 831 601 882 motus
612 825 878 899 conversionesque
892 839 1029 898 perspex-

152 921 218 986 erit,
226 921 378 998 sideraque
389 923 496 980 viderit
507 924 731 984 innumerabilia
745 925 831 982 caeto
844 921 1029 980 inhaerentis
1056 965 1059 972 .

153 1036 220 1078 curn
231 1021 292 1093 ejus
307 1021 396 1096 ipsius
411 1029 490 1080 motu
504 1043 664 1098 congruere
684 1023 773 1082 certis
785 1023 875 1080 intisa
889 1017 1029 1080 sedibus?

152 1127 265 1194 septem
279 1121 336 1179 etia
350 1139 416 1179 suos
430 1143 560 1200 quaeque
575 1133 676 1182 tenere
689 1140 800 1189 eursus,
814 1122 937 1180 muttum
950 1121 1029 1180 inter

153 1237 186 1277 se
196 1225 246 1276 sut
260 1219 414 1278 attitudine
428 1231 477 1280 aut
492 1225 656 1282 humilitate
667 1222 816 1288 distantis,
827 1237 945 1295 quorum
957 1217 1036 1296 vagi<

154 1325 247 1376 motus
259 1324 321 1377 rata
335 1326 433 1377 tamen
447 1326 476 1376 et
491 1330 571 1380 earta
585 1324 629 1380 sui
644 1339 743 1380 cursus
754 1321 849 1394 spatia
862 1316 1028 1378 definiant?

153 1418 266 1480 Horum
281 1420 418 1477 nimirum
440 1421 592 1492 adunentur
618 1421 731 1494 impetit
756 1421 822 1478 ittos
847 1425 973 1485 veteres,
996 1421 1030 1476 et

153 1519 313 1586 admonuit,
327 1524 359 1574 ut
385 1521 465 1590 ptura
487 1526 669 1593 quaererent.
711 1521 783 1576 inde
808 1523 853 1575 est
876 1517 1029 1590 indagatio

154 1623 224 1674 nata
249 1617 406 1684 initiorum,
431 1625 460 1674 et
486 1627 632 1692 tamquam
656 1617 808 1682 seminrun,
831 1617 908 1673 unde
929 1617 1030 1672 essent

153 1717 253 1774 omnia
279 1721 351 1784 orta,
375 1723 523 1791 generata,
550 1721 712 1774 concreta:
732 1733 862 1791 quaeque
888 1715 1030 1791 cujusquo

153 1815 269 1892 generis
285 1818 332 1872 vet
347 1815 480 1884 inanimi,
497 1817 543 1873 vet
559 1816 728 1884 animantis,
751 1817 798 1872 vet
814 1815 895 1882 muti,
914 1816 962 1872 vet
987 1816 1028 1872 to·

152 1916 268 1991 queatis
276 1917 366 1990 origo,
380 1934 454 1990 quae
470 1916 541 1983 vitu,
552 1915 601 1992 qui
616 1915 758 1983 interitus,
769 1932 899 1990 quaeque
913 1933 951 1972 ex
966 1913 1028 1972 atio

152 2014 183 2072 in
208 2015 287 2075 atiud
316 2015 487 2074 vicissitudo
511 2022 599 2092 atque
624 2015 766 2073 mutatio:
788 2017 865 2073 unde
889 2020 973 2084 terra,
994 2017 1028 2070 et

148 2105 281 2189 ⁴'’quibus
309 2115 413 2174 tibrata
441 2117 626 2190 ponderibus,
648 2116 750 2192 quibus
771 2115 908 2172 cavernis
935 2112 1028 2172 maris

152 2215 365 2272 sustineantur:
387 2216 416 2272 in
430 2217 605 2290 quaomnia,
619 2217 716 2274 dotata
727 2215 882 2290 gravitate,
897 2213 1027 2270 medium

151 2315 252 2370 mundi
269 2316 364 2372 locum
379 2332 493 2386 semper
507 2319 657 2388 expetant,
668 2315 716 2388 qui
738 2321 782 2371 est
807 2314 885 2370 idem
908 2313 1025 2370 infirnus

153 2411 183 2468 in
198 2413 330 2468 rotundo.
373 2413 456 2468 Haec
471 2413 608 2468 tractanti
632 2413 740 2477 animo,
758 2418 789 2467 et
801 2417 904 2469 noctes
918 2418 948 2469 et
961 2413 1024 2470 dies
1034 2409 1077 2472 25

154 2509 307 2582 cogitanti,
319 2509 434 2566 exsistit
449 2509 499 2566 itta
514 2527 530 2565 a
544 2511 601 2566 deo
617 2509 741 2582 Delphis
757 2515 911 2582 praecepta
925 2511 1026 2584 engui-

154 2605 206 2673 tio,
229 2612 259 2663 ut
287 2607 350 2680 ipsa
374 2625 503 2664 seruans
527 2613 676 2683 agnoscat,
690 2608 936 2682 conjunctamque
957 2623 1026 2666 oum

153 2707 257 2767 diuina
272 2715 370 2768 mente
385 2709 548 2777 assentiat,
568 2728 606 2766 ex
628 2726 685 2784 quo
704 2707 724 2739 ω
737 2707 896 2766 insatiabili
919 2689 1027 2782 gaudio

153 2813 322 2882 completur.
344 2810 407 2882 ipsa
423 2805 503 2866 enim
516 2809 658 2884 cogitatio
672 2811 708 2864 de
729 2809 769 2872 ri,
783 2814 811 2864 et
834 2813 934 2864 natura
958 2808 1026 2864 deo·

153 2925 225 2976 nrm,
249 2909 375 2965 studium
396 2908 528 2966 incendit
550 2909 627 2965 ittius
653 2907 834 2965 aeternitatis
856 2906 1026 2976 imitandae,

153 3025 248 3083 neque
262 3027 294 3066 se
317 3009 348 3066 in
371 3010 514 3066 brevitate
540 3008 620 3067 vitae
644 3007 817 3066 cottocatam
842 3013 933 3080 putat,
957 3022 1026 3065 cum

184 3183 206 3218 ⁸⁹
249 3182 889 3246 tuentumupadauuapummammeae]
921 3179 1023 3228 SiaMer.
1115 3215 1123 3232 .

153 3243 215 3290 cieri
234 3281 237 3290 ,
252 3251 299 3290 vett
319 3260 358 3290 nec
368 3249 426 3300 erut,
436 3259 504 3306 quara
522 3247 671 3302 corriperetur
690 3245 765 3303 aquis
785 3243 866 3290 tiirutu
879 3241 1023 3300 madoribus.

152 3317 194 3364 pro
203 3305 356 3350 sustineantur
364 3305 423 3350 mate
432 3303 454 3350 in
465 3305 515 3350 add.
531 3305 692 3350 rererrtiorttuus
700 3305 814 3350 sustineat.

183 3381 204 3414 Ν
218 3381 284 3430 insat.
295 3383 378 3453 guardia
389 3383 518 3443 completur]
535 3383 662 3430 imutioitta
667 3383 781 3486 {autrum
790 3387 832 3432 art.
841 3383 901 3438 euius
912 3391 1025 3442 nunquam

154 3441 247 3488 satietas
257 3449 324 3492 veurt.
338 3458 357 3488 v.
370 3443 434 3488 (liar.
449 3443 506 3488 Mas.
518 3449 541 3486 et
550 3443 599 3487 edd.
618 3445 664 3488 terr
691 3443 756 3487 aberit
772 3443 900 3498 compleatur
916 3461 920 3468 ¹
936 3439 993 3499 qrrod
1003 3437 1023 3486 si

154 3515 231 3546 aarum
242 3517 284 3560 ρει,
294 3502 372 3548 reterri
385 3503 455 3546 debet
464 3507 536 3547 toturn
547 3503 589 3546 tror
606 3503 633 3546 ad
646 3502 736 3547 verbum
746 3501 908 3562 praecipiendi:
925 3501 963 3546 sed
978 3512 1023 3544 roe·

155 3559 242 3627 liusest
253 3561 338 3616 Davisii
352 3561 480 3619 mutatur,
491 3568 515 3608 ut
534 3560 593 3608 sotus
611 3562 702 3608 effeetus
717 3561 853 3622 exprimatur
870 3559 929 3608 iltius
949 3557 1023 3617 cogui-

136 3655 147 3680 ,
157 3627 231 3664 tronus.

195 3715 266 3756 von.
287 3717 338 3756 xv.
461 3663 464 3670 Ἴ
574 3703 610 3757 21
