<?xml version="1.0" encoding="UTF-8"?>
<!DOCTYPE html PUBLIC "-//W3C//DTD XHTML 1.0 Transitional//EN"
    "http://www.w3.org/TR/xhtml1/DTD/xhtml1-transitional.dtd">
<html xmlns="http://www.w3.org/1999/xhtml" xml:lang="en" lang="en">
 <head>
  <title>
</title>
<meta http-equiv="Content-Type" content="text/html;charset=utf-8" />
  <meta name='ocr-system' content='tesseract 3.04.00' />
  <meta name='ocr-capabilities' content='ocr_page ocr_carea ocr_par ocr_line ocrx_word'/>
</head>
<body>
  <div class='ocr_page' id='page_1' title='image "./mtvlliiciceroni11cicegoog/mtvlliiciceroni11cicegoog_0181.png"; bbox 0 0 2552 4208; ppageno 0'>
   <div class='ocr_carea' id='block_1_1' title="bbox 227 327 857 401">
    <p class='ocr_par' dir='ltr' id='par_1_1' title="bbox 227 327 857 401">
     <span class='ocr_line' id='line_1_1' title="bbox 227 327 857 401; baseline 0.002 -20"><span class='ocrx_word' id='word_1_1' title='bbox 227 337 289 401; x_wconf 74' lang='lat'>170</span> <span class='ocrx_word' id='word_1_2' title='bbox 464 327 599 380; x_wconf 73' lang='lat' dir='ltr'>wacon</span> <span class='ocrx_word' id='word_1_3' title='bbox 615 327 857 384; x_wconf 63' lang='lat' dir='ltr'>Quadriduum</span> 
     </span>
    </p>
   </div>
   <div class='ocr_carea' id='block_1_2' title="bbox 225 481 1095 650">
    <p class='ocr_par' dir='ltr' id='par_1_2' title="bbox 225 481 1095 650">
     <span class='ocr_line' id='line_1_2' title="bbox 225 481 1095 556; baseline -0.002 -16"><span class='ocrx_word' id='word_1_4' title='bbox 225 481 380 547; x_wconf 83' lang='lat' dir='ltr'>Pavorem,</span> <span class='ocrx_word' id='word_1_5' title='bbox 393 481 503 540; x_wconf 87' lang='lat' dir='ltr'>metum</span> <span class='ocrx_word' id='word_1_6' title='bbox 524 484 655 540; x_wconf 85' lang='lat' dir='ltr'>urentem</span> <span class='ocrx_word' id='word_1_7' title='bbox 681 481 750 542; x_wconf 87' lang='lat' dir='ltr'>loco</span> <span class='ocrx_word' id='word_1_8' title='bbox 773 483 953 550; x_wconf 86' lang='lat' dir='ltr'>moventem,</span> <span class='ocrx_word' id='word_1_9' title='bbox 973 495 1013 538; x_wconf 88' lang='lat' dir='ltr'>ex</span> <span class='ocrx_word' id='word_1_10' title='bbox 1036 495 1095 556; x_wconf 88' lang='lat' dir='ltr'>quo</span> 
     </span>
     <span class='ocr_line' id='line_1_3' title="bbox 225 577 419 650; baseline -0.005 -12"><span class='ocrx_word' id='word_1_11' title='bbox 225 579 298 639; x_wconf 87' lang='lat' dir='ltr'>iilud</span> <span class='ocrx_word' id='word_1_12' title='bbox 316 577 419 650; x_wconf 76' lang='lat' dir='ltr'>Ennii,</span> 
     </span>
    </p>
   </div>
   <div class='ocr_carea' id='block_1_3' title="bbox 292 733 1026 798">
    <p class='ocr_par' dir='ltr' id='par_1_3' title="bbox 292 733 1026 798">
     <span class='ocr_line' id='line_1_4' title="bbox 292 733 1026 798; baseline -0.001 -15"><span class='ocrx_word' id='word_1_13' title='bbox 292 733 352 783; x_wconf 82' lang='lat' dir='ltr'>&#39;l&#39;onr</span> <span class='ocrx_word' id='word_1_14' title='bbox 361 748 434 796; x_wconf 77' lang='lat' dir='ltr'>pavor</span> <span class='ocrx_word' id='word_1_15' title='bbox 447 734 580 797; x_wconf 79' lang='lat' dir='ltr'>repieotiam</span> <span class='ocrx_word' id='word_1_16' title='bbox 589 749 678 784; x_wconf 81' lang='lat' dir='ltr'>omnem</span> <span class='ocrx_word' id='word_1_17' title='bbox 687 733 745 783; x_wconf 82' lang='lat' dir='ltr'>milri</span> <span class='ocrx_word' id='word_1_18' title='bbox 753 749 781 783; x_wconf 75' lang='lat' dir='ltr'>eu</span> <span class='ocrx_word' id='word_1_19' title='bbox 791 735 866 784; x_wconf 78' lang='lat' dir='ltr'>auimo</span> <span class='ocrx_word' id='word_1_20' title='bbox 880 737 1026 798; x_wconf 70' lang='lat' dir='ltr'>expectoret:</span> 
     </span>
    </p>
   </div>
   <div class='ocr_carea' id='block_1_4' title="bbox 195 879 1096 1948">
    <p class='ocr_par' dir='ltr' id='par_1_4' title="bbox 195 879 1096 1948">
     <span class='ocr_line' id='line_1_5' title="bbox 223 879 1096 960; baseline -0.005 -16"><span class='ocrx_word' id='word_1_21' title='bbox 223 881 492 953; x_wconf 82' lang='lat' dir='ltr'>Exanimatiouem,</span> <span class='ocrx_word' id='word_1_22' title='bbox 506 891 615 944; x_wconf 88' lang='lat' dir='ltr'>metum</span> <span class='ocrx_word' id='word_1_23' title='bbox 625 885 859 960; x_wconf 76' lang='lat' dir='ltr'>subsequentem,</span> <span class='ocrx_word' id='word_1_24' title='bbox 868 888 900 942; x_wconf 84' lang='lat' dir='ltr'>et</span> <span class='ocrx_word' id='word_1_25' title='bbox 909 882 991 958; x_wconf 82' lang='lat' dir='ltr'>quasi</span> <span class='ocrx_word' id='word_1_26' title='bbox 1005 879 1096 940; x_wconf 89' lang='lat' dir='ltr'>comi·</span> 
     </span>
     <span class='ocr_line' id='line_1_6' title="bbox 223 982 1095 1058; baseline -0.002 -16"><span class='ocrx_word' id='word_1_27' title='bbox 223 985 284 1042; x_wconf 88' lang='lat' dir='ltr'>tem</span> <span class='ocrx_word' id='word_1_28' title='bbox 309 983 440 1058; x_wconf 74' lang='lat' dir='ltr'>pavoris:</span> <span class='ocrx_word' id='word_1_29' title='bbox 469 983 740 1052; x_wconf 79' lang='lat' dir='ltr'>Conturbctionem,</span> <span class='ocrx_word' id='word_1_30' title='bbox 762 988 871 1042; x_wconf 88' lang='lat' dir='ltr'>metum</span> <span class='ocrx_word' id='word_1_31' title='bbox 894 982 1095 1040; x_wconf 71' lang='lat' dir='ltr'>excutientem</span> 
     </span>
     <span class='ocr_line' id='line_1_7' title="bbox 195 1065 1094 1159; baseline -0.007 -17"><span class='ocrx_word' id='word_1_32' title='bbox 195 1065 371 1159; x_wconf 74' lang='lat' dir='ltr'>⁹oogiteta:</span> <span class='ocrx_word' id='word_1_33' title='bbox 403 1082 614 1152; x_wconf 81' lang='lat' dir='ltr'>Formidioem,</span> <span class='ocrx_word' id='word_1_34' title='bbox 634 1088 742 1141; x_wconf 88' lang='lat' dir='ltr'>metum</span> <span class='ocrx_word' id='word_1_35' title='bbox 764 1087 990 1156; x_wconf 76' lang='lat' dir='ltr'>permanentem.</span> <span class='ocrx_word' id='word_1_36' title='bbox 1032 1080 1094 1137; x_wconf 89' lang='lat' dir='ltr'>Vo-</span> 
     </span>
     <span class='ocr_line' id='line_1_8' title="bbox 223 1161 1096 1257; baseline -0.007 -15"><span class='ocrx_word' id='word_1_37' title='bbox 223 1182 343 1257; x_wconf 77' lang='lat' dir='ltr'><strong>luptatis</strong></span> <span class='ocrx_word' id='word_1_38' title='bbox 357 1161 455 1240; x_wconf 83' lang='lat' dir='ltr'>auteni</span> <span class='ocrx_word' id='word_1_39' title='bbox 475 1186 572 1256; x_wconf 74' lang='lat' dir='ltr'>partes</span> <span class='ocrx_word' id='word_1_40' title='bbox 592 1183 649 1240; x_wconf 89' lang='lat' dir='ltr'>hoo</span> <span class='ocrx_word' id='word_1_41' title='bbox 664 1181 935 1248; x_wconf 86' lang='lat' dir='ltr'>mododeacribuut,</span> <span class='ocrx_word' id='word_1_42' title='bbox 957 1185 988 1238; x_wconf 88' lang='lat' dir='ltr'>ut</span> <span class='ocrx_word' id='word_1_43' title='bbox 1013 1177 1096 1238; x_wconf 88' lang='lat' dir='ltr'><strong>mali·</strong></span> 
     </span>
     <span class='ocr_line' id='line_1_9' title="bbox 223 1279 1095 1354; baseline -0.006 -15"><span class='ocrx_word' id='word_1_44' title='bbox 223 1280 365 1349; x_wconf 76' lang='lat' dir='ltr'>volentia,</span> <span class='ocrx_word' id='word_1_45' title='bbox 387 1281 426 1338; x_wconf 86' lang='lat' dir='ltr'>ait</span> <span class='ocrx_word' id='word_1_46' title='bbox 447 1282 580 1354; x_wconf 82' lang='lat' dir='ltr'>voluptas</span> <span class='ocrx_word' id='word_1_47' title='bbox 601 1299 639 1338; x_wconf 85' lang='lat' dir='ltr'>ex</span> <span class='ocrx_word' id='word_1_48' title='bbox 661 1282 738 1338; x_wconf 89' lang='lat' dir='ltr'>mato</span> <span class='ocrx_word' id='word_1_49' title='bbox 759 1279 878 1338; x_wconf 81' lang='lat' dir='ltr'>alteriue</span> <span class='ocrx_word' id='word_1_50' title='bbox 898 1279 962 1337; x_wconf 80' lang='lat' dir='ltr'>aine</span> <span class='ocrx_word' id='word_1_51' title='bbox 986 1279 1095 1336; x_wconf 88' lang='lat' dir='ltr'>emolu·</span> 
     </span>
     <span class='ocr_line' id='line_1_10' title="bbox 222 1377 1094 1454; baseline -0.007 -14"><span class='ocrx_word' id='word_1_52' title='bbox 222 1384 325 1440; x_wconf 78' lang='lat' dir='ltr'>mento</span> <span class='ocrx_word' id='word_1_53' title='bbox 349 1395 418 1437; x_wconf 83' lang='lat' dir='ltr'>auo:</span> <span class='ocrx_word' id='word_1_54' title='bbox 441 1379 619 1448; x_wconf 71' lang='lat' dir='ltr'>Ueientano,</span> <span class='ocrx_word' id='word_1_55' title='bbox 647 1382 782 1454; x_wconf 81' lang='lat' dir='ltr'>voluptas</span> <span class='ocrx_word' id='word_1_56' title='bbox 806 1379 957 1450; x_wconf 45' lang='lat' dir='ltr'>suavitate,</span> <span class='ocrx_word' id='word_1_57' title='bbox 980 1377 1094 1436; x_wconf 73' lang='lat' dir='ltr'>auditu·</span> 
     </span>
     <span class='ocr_line' id='line_1_11' title="bbox 222 1477 1094 1555; baseline -0.006 -17"><span class='ocrx_word' id='word_1_58' title='bbox 222 1479 352 1539; x_wconf 83' lang='lat' dir='ltr'>animum</span> <span class='ocrx_word' id='word_1_59' title='bbox 365 1479 528 1537; x_wconf 78' lang='lat' dir='ltr'>deleniena.</span> <span class='ocrx_word' id='word_1_60' title='bbox 543 1483 582 1547; x_wconf 87' lang='lat' dir='ltr'>et,</span> <span class='ocrx_word' id='word_1_61' title='bbox 595 1479 688 1555; x_wconf 77' lang='lat' dir='ltr'>qualis</span> <span class='ocrx_word' id='word_1_62' title='bbox 712 1485 757 1538; x_wconf 84' lang='lat' dir='ltr'>eat</span> <span class='ocrx_word' id='word_1_63' title='bbox 783 1479 857 1536; x_wconf 87' lang='lat' dir='ltr'>haec</span> <span class='ocrx_word' id='word_1_64' title='bbox 877 1477 998 1547; x_wconf 86' lang='lat' dir='ltr'>aurium,</span> <span class='ocrx_word' id='word_1_65' title='bbox 1020 1479 1094 1534; x_wconf 74' lang='lat' dir='ltr'>talea</span> 
     </span>
     <span class='ocr_line' id='line_1_12' title="bbox 222 1578 1095 1647; baseline -0.006 -9"><span class='ocrx_word' id='word_1_66' title='bbox 222 1584 291 1640; x_wconf 82' lang='lat' dir='ltr'>aunt</span> <span class='ocrx_word' id='word_1_67' title='bbox 322 1580 481 1647; x_wconf 81' lang='lat' dir='ltr'>oculorum,</span> <span class='ocrx_word' id='word_1_68' title='bbox 509 1583 539 1636; x_wconf 87' lang='lat' dir='ltr'>et</span> <span class='ocrx_word' id='word_1_69' title='bbox 566 1580 737 1647; x_wconf 86' lang='lat' dir='ltr'>tactionum,</span> <span class='ocrx_word' id='word_1_70' title='bbox 761 1583 792 1636; x_wconf 92' lang='lat' dir='ltr'>et</span> <span class='ocrx_word' id='word_1_71' title='bbox 823 1578 1036 1643; x_wconf 86' lang='lat' dir='ltr'>odorationum,</span> <span class='ocrx_word' id='word_1_72' title='bbox 1064 1579 1095 1633; x_wconf 86' lang='lat' dir='ltr'>et</span> 
     </span>
     <span class='ocr_line' id='line_1_13' title="bbox 221 1673 1094 1754; baseline -0.007 -16"><span class='ocrx_word' id='word_1_73' title='bbox 221 1697 374 1753; x_wconf 69' lang='lat' dir='ltr'>saporum:</span> <span class='ocrx_word' id='word_1_74' title='bbox 395 1695 469 1754; x_wconf 84' lang='lat' dir='ltr'>quae</span> <span class='ocrx_word' id='word_1_75' title='bbox 484 1685 551 1737; x_wconf 84' lang='lat' dir='ltr'>aunt</span> <span class='ocrx_word' id='word_1_76' title='bbox 564 1697 666 1737; x_wconf 77' lang='lat' dir='ltr'>omues</span> <span class='ocrx_word' id='word_1_77' title='bbox 680 1679 765 1736; x_wconf 87' lang='lat' dir='ltr'>nuiua</span> <span class='ocrx_word' id='word_1_78' title='bbox 784 1676 908 1750; x_wconf 75' lang='lat' dir='ltr'>generis,</span> <span class='ocrx_word' id='word_1_79' title='bbox 929 1677 966 1732; x_wconf 91' lang='lat' dir='ltr'>ad</span> <span class='ocrx_word' id='word_1_80' title='bbox 982 1673 1094 1747; x_wconf 85' lang='lat' dir='ltr'>pertun·</span> 
     </span>
     <span class='ocr_line' id='line_1_14' title="bbox 221 1775 1093 1851; baseline -0.005 -16"><span class='ocrx_word' id='word_1_81' title='bbox 221 1779 350 1835; x_wconf 90' lang='lat' dir='ltr'>dendum</span> <span class='ocrx_word' id='word_1_82' title='bbox 374 1777 503 1835; x_wconf 85' lang='lat' dir='ltr'>animum</span> <span class='ocrx_word' id='word_1_83' title='bbox 526 1784 672 1851; x_wconf 80' lang='lat' dir='ltr'><strong>tamquam</strong></span> <span class='ocrx_word' id='word_1_84' title='bbox 696 1775 894 1849; x_wconf 82' lang='lat' dir='ltr'>iiiiquetaetae</span> <span class='ocrx_word' id='word_1_85' title='bbox 921 1775 1093 1846; x_wconf 80' lang='lat' dir='ltr'>voluptates.</span> 
     </span>
     <span class='ocr_line' id='line_1_15' title="bbox 222 1872 1094 1948; baseline -0.002 -14"><span class='ocrx_word' id='word_1_86' title='bbox 222 1875 363 1941; x_wconf 85' lang='lat' dir='ltr'>Jaotatio,</span> <span class='ocrx_word' id='word_1_87' title='bbox 376 1880 421 1932; x_wconf 82' lang='lat' dir='ltr'>eet</span> <span class='ocrx_word' id='word_1_88' title='bbox 435 1877 570 1948; x_wconf 83' lang='lat' dir='ltr'>voluptas</span> <span class='ocrx_word' id='word_1_89' title='bbox 583 1874 721 1948; x_wconf 73' lang='lat' dir='ltr'>gestiens,</span> <span class='ocrx_word' id='word_1_90' title='bbox 735 1877 764 1928; x_wconf 90' lang='lat' dir='ltr'>et</span> <span class='ocrx_word' id='word_1_91' title='bbox 778 1890 810 1928; x_wconf 87' lang='lat' dir='ltr'>ae</span> <span class='ocrx_word' id='word_1_92' title='bbox 825 1872 948 1930; x_wconf 69' lang='lat' dir='ltr'>efferent</span> <span class='ocrx_word' id='word_1_93' title='bbox 967 1873 1094 1932; x_wconf 86' lang='lat' dir='ltr'>ineoien·</span> 
     </span>
    </p>
   </div>
   <div class='ocr_carea' id='block_1_5' title="bbox 135 2070 1218 2947">
    <p class='ocr_par' dir='ltr' id='par_1_5' title="bbox 135 2070 1218 2947">
     <span class='ocr_line' id='line_1_16' title="bbox 135 2070 1099 2148; baseline -0.007 -15"><span class='ocrx_word' id='word_1_94' title='bbox 135 2081 136 2084; x_wconf 75' lang='grc'>’</span> <span class='ocrx_word' id='word_1_95' title='bbox 221 2073 350 2140; x_wconf 84' lang='lat' dir='ltr'>niuntur,</span> <span class='ocrx_word' id='word_1_96' title='bbox 363 2077 395 2129; x_wconf 89' lang='lat' dir='ltr'>ut</span> <span class='ocrx_word' id='word_1_97' title='bbox 415 2071 471 2138; x_wconf 85' lang='lat' dir='ltr'>Ira,</span> <span class='ocrx_word' id='word_1_98' title='bbox 485 2070 523 2127; x_wconf 85' lang='lat' dir='ltr'>ait</span> <span class='ocrx_word' id='word_1_99' title='bbox 538 2070 627 2127; x_wconf 89' lang='lat' dir='ltr'>iibido</span> <span class='ocrx_word' id='word_1_100' title='bbox 641 2071 798 2144; x_wconf 84' lang='lat' dir='ltr'>poeniendi</span> <span class='ocrx_word' id='word_1_101' title='bbox 812 2071 883 2146; x_wconf 87' lang='lat' dir='ltr'>ejus,</span> <span class='ocrx_word' id='word_1_102' title='bbox 896 2073 945 2148; x_wconf 89' lang='lat' dir='ltr'>qui</span> <span class='ocrx_word' id='word_1_103' title='bbox 960 2074 1099 2130; x_wconf 86' lang='lat' dir='ltr'>videatur.</span> 
     </span>
     <span class='ocr_line' id='line_1_17' title="bbox 223 2167 1218 2244; baseline 0 -13"><span class='ocrx_word' id='word_1_104' title='bbox 223 2172 343 2232; x_wconf 76' lang='lat' dir='ltr'>laesiare</span> <span class='ocrx_word' id='word_1_105' title='bbox 367 2167 483 2244; x_wconf 88' lang='lat' dir='ltr'>injuria.</span> <span class='ocrx_word' id='word_1_106' title='bbox 524 2169 781 2229; x_wconf 82' lang='lat' dir='ltr'>Excandescentia</span> <span class='ocrx_word' id='word_1_107' title='bbox 803 2178 909 2236; x_wconf 87' lang='lat' dir='ltr'>autem,</span> <span class='ocrx_word' id='word_1_108' title='bbox 922 2173 1016 2230; x_wconf 76' lang='lat' dir='ltr'>sitire</span> <span class='ocrx_word' id='word_1_109' title='bbox 1031 2189 1094 2230; x_wconf 79' lang='lat' dir='ltr'>uas·</span> <span class='ocrx_word' id='word_1_110' title='bbox 1138 2211 1140 2218; x_wconf 55' lang='lat'>,</span> <span class='ocrx_word' id='word_1_111' title='bbox 1216 2169 1218 2178; x_wconf 86' lang='lat'>&#39;</span> 
     </span>
     <span class='ocr_line' id='line_1_18' title="bbox 223 2269 1091 2347; baseline 0 -17"><span class='ocrx_word' id='word_1_112' title='bbox 223 2289 304 2340; x_wconf 74' lang='lat' dir='ltr'>oeno,</span> <span class='ocrx_word' id='word_1_113' title='bbox 337 2276 369 2330; x_wconf 90' lang='lat' dir='ltr'>et</span> <span class='ocrx_word' id='word_1_114' title='bbox 401 2269 489 2329; x_wconf 89' lang='lat' dir='ltr'>modo</span> <span class='ocrx_word' id='word_1_115' title='bbox 522 2269 661 2339; x_wconf 75' lang='lat' dir='ltr'>existens,</span> <span class='ocrx_word' id='word_1_116' title='bbox 694 2269 716 2303; x_wconf 74' lang='lat'>²¹</span> <span class='ocrx_word' id='word_1_117' title='bbox 734 2289 808 2347; x_wconf 89' lang='lat' dir='ltr'>quae</span> <span class='ocrx_word' id='word_1_118' title='bbox 834 2275 948 2341; x_wconf 70' lang='grc' dir='ltr'>θνμοσις</span> <span class='ocrx_word' id='word_1_119' title='bbox 976 2274 1091 2330; x_wconf 83' lang='lat' dir='ltr'>Graece</span> 
     </span>
     <span class='ocr_line' id='line_1_19' title="bbox 223 2368 1093 2440; baseline -0.001 -12"><span class='ocrx_word' id='word_1_120' title='bbox 223 2369 352 2428; x_wconf 86' lang='lat' dir='ltr'>dicitur:</span> <span class='ocrx_word' id='word_1_121' title='bbox 374 2369 491 2437; x_wconf 88' lang='lat' dir='ltr'>Odium,</span> <span class='ocrx_word' id='word_1_122' title='bbox 502 2368 546 2426; x_wconf 89' lang='lat' dir='ltr'>ira</span> <span class='ocrx_word' id='word_1_123' title='bbox 558 2368 738 2427; x_wconf 86' lang='lat' dir='ltr'>inveterata:</span> <span class='ocrx_word' id='word_1_124' title='bbox 769 2371 937 2440; x_wconf 85' lang='lat' dir='ltr'>Inimicitia,</span> <span class='ocrx_word' id='word_1_125' title='bbox 952 2373 993 2430; x_wconf 90' lang='lat' dir='ltr'>ira</span> <span class='ocrx_word' id='word_1_126' title='bbox 1008 2371 1093 2428; x_wconf 80' lang='lat' dir='ltr'>uteie·</span> 
     </span>
     <span class='ocr_line' id='line_1_20' title="bbox 224 2467 1094 2544; baseline 0 -16"><span class='ocrx_word' id='word_1_127' title='bbox 224 2467 313 2528; x_wconf 88' lang='lat' dir='ltr'>oeudi</span> <span class='ocrx_word' id='word_1_128' title='bbox 338 2474 449 2544; x_wconf 81' lang='lat' dir='ltr'>tempus</span> <span class='ocrx_word' id='word_1_129' title='bbox 479 2470 657 2529; x_wconf 78' lang='lat' dir='ltr'>observans:</span> <span class='ocrx_word' id='word_1_130' title='bbox 692 2470 858 2540; x_wconf 77' lang='lat' dir='ltr'>Discordia,</span> <span class='ocrx_word' id='word_1_131' title='bbox 882 2473 925 2529; x_wconf 86' lang='lat' dir='ltr'>ira</span> <span class='ocrx_word' id='word_1_132' title='bbox 951 2472 1094 2541; x_wconf 83' lang='lat' dir='ltr'>acerbior,</span> 
     </span>
     <span class='ocr_line' id='line_1_21' title="bbox 223 2567 1093 2646; baseline 0.006 -21"><span class='ocrx_word' id='word_1_133' title='bbox 223 2567 358 2626; x_wconf 68' lang='lat' dir='ltr'>²⁸intimo</span> <span class='ocrx_word' id='word_1_134' title='bbox 370 2569 439 2627; x_wconf 92' lang='lat' dir='ltr'>odio</span> <span class='ocrx_word' id='word_1_135' title='bbox 460 2574 490 2627; x_wconf 90' lang='lat' dir='ltr'>et</span> <span class='ocrx_word' id='word_1_136' title='bbox 503 2571 591 2627; x_wconf 92' lang='lat' dir='ltr'>corde</span> <span class='ocrx_word' id='word_1_137' title='bbox 611 2576 771 2645; x_wconf 87' lang='lat' dir='ltr'>concepta:</span> <span class='ocrx_word' id='word_1_138' title='bbox 802 2571 978 2646; x_wconf 82' lang='lat' dir='ltr'>ludigentia,</span> <span class='ocrx_word' id='word_1_139' title='bbox 1001 2572 1093 2646; x_wconf 86' lang='lat' dir='ltr'>libido</span> 
     </span>
     <span class='ocr_line' id='line_1_22' title="bbox 224 2667 1093 2748; baseline 0.002 -22"><span class='ocrx_word' id='word_1_140' title='bbox 224 2667 429 2739; x_wconf 78' lang='lat' dir='ltr'>inexplebilis:</span> <span class='ocrx_word' id='word_1_141' title='bbox 471 2668 666 2748; x_wconf 76' lang='lat' dir='ltr'>Desiderium,</span> <span class='ocrx_word' id='word_1_142' title='bbox 687 2671 779 2729; x_wconf 86' lang='lat' dir='ltr'>iibido</span> <span class='ocrx_word' id='word_1_143' title='bbox 798 2671 869 2745; x_wconf 81' lang='lat' dir='ltr'>ejus,</span> <span class='ocrx_word' id='word_1_144' title='bbox 893 2673 942 2747; x_wconf 92' lang='lat' dir='ltr'>qui</span> <span class='ocrx_word' id='word_1_145' title='bbox 966 2674 1093 2729; x_wconf 90' lang='lat' dir='ltr'>nondum</span> 
     </span>
     <span class='ocr_line' id='line_1_23' title="bbox 223 2766 1094 2846; baseline 0.003 -22"><span class='ocrx_word' id='word_1_146' title='bbox 223 2767 309 2837; x_wconf 78' lang='lat' dir='ltr'>adsit,</span> <span class='ocrx_word' id='word_1_147' title='bbox 337 2766 466 2826; x_wconf 85' lang='lat' dir='ltr'>videndi.</span> <span class='ocrx_word' id='word_1_148' title='bbox 515 2766 744 2846; x_wconf 71' lang='lat' dir='ltr'>”Distinguunt</span> <span class='ocrx_word' id='word_1_149' title='bbox 771 2772 842 2828; x_wconf 88' lang='lat' dir='ltr'>iilud</span> <span class='ocrx_word' id='word_1_150' title='bbox 870 2771 968 2836; x_wconf 82' lang='lat' dir='ltr'>etiam,</span> <span class='ocrx_word' id='word_1_151' title='bbox 995 2777 1027 2827; x_wconf 91' lang='lat' dir='ltr'>ut</span> <span class='ocrx_word' id='word_1_152' title='bbox 1054 2771 1094 2828; x_wconf 81' lang='lat' dir='ltr'>rit</span> 
     </span>
     <span class='ocr_line' id='line_1_24' title="bbox 223 2865 1094 2947; baseline 0.006 -23"><span class='ocrx_word' id='word_1_153' title='bbox 223 2865 317 2925; x_wconf 91' lang='lat' dir='ltr'>libido</span> <span class='ocrx_word' id='word_1_154' title='bbox 333 2883 432 2925; x_wconf 91' lang='lat' dir='ltr'>earum</span> <span class='ocrx_word' id='word_1_155' title='bbox 445 2884 548 2938; x_wconf 85' lang='lat' dir='ltr'>rerum,</span> <span class='ocrx_word' id='word_1_156' title='bbox 572 2889 646 2946; x_wconf 91' lang='lat' dir='ltr'>quae</span> <span class='ocrx_word' id='word_1_157' title='bbox 670 2871 806 2929; x_wconf 90' lang='lat' dir='ltr'>dicuutur</span> <span class='ocrx_word' id='word_1_158' title='bbox 826 2872 863 2928; x_wconf 90' lang='lat' dir='ltr'>de</span> <span class='ocrx_word' id='word_1_159' title='bbox 884 2871 1017 2947; x_wconf 83' lang='lat' dir='ltr'>quodam,</span> <span class='ocrx_word' id='word_1_160' title='bbox 1042 2875 1094 2930; x_wconf 86' lang='lat' dir='ltr'>aut</span> 
     </span>
    </p>
   </div>
   <div class='ocr_carea' id='block_1_6' title="bbox 239 3042 1094 3236">
    <p class='ocr_par' dir='ltr' id='par_1_6' title="bbox 239 3042 1094 3236">
     <span class='ocr_line' id='line_1_25' title="bbox 252 3042 1094 3110; baseline 0.005 -20"><span class='ocrx_word' id='word_1_161' title='bbox 252 3042 277 3077; x_wconf 71' lang='lat'>²⁷</span> <span class='ocrx_word' id='word_1_162' title='bbox 291 3056 346 3103; x_wconf 70' lang='lat' dir='ltr'>qim</span> <span class='ocrx_word' id='word_1_163' title='bbox 355 3043 458 3110; x_wconf 70' lang='grc' dir='ltr'>θυμωσις</span> <span class='ocrx_word' id='word_1_164' title='bbox 469 3043 551 3090; x_wconf 78' lang='lat' dir='ltr'>Graece</span> <span class='ocrx_word' id='word_1_165' title='bbox 560 3043 655 3104; x_wconf 81' lang='lat' dir='ltr'>dieitur]</span> <span class='ocrx_word' id='word_1_166' title='bbox 675 3044 779 3104; x_wconf 82' lang='lat' dir='ltr'>dieplieet</span> <span class='ocrx_word' id='word_1_167' title='bbox 795 3057 838 3090; x_wconf 84' lang='lat' dir='ltr'>vor</span> <span class='ocrx_word' id='word_1_168' title='bbox 854 3046 958 3108; x_wconf 68' lang='grc' dir='ltr'>θυμωις</span> <span class='ocrx_word' id='word_1_169' title='bbox 968 3047 990 3094; x_wconf 91' lang='lat' dir='ltr'>h.</span> <span class='ocrx_word' id='word_1_170' title='bbox 1006 3047 1023 3093; x_wconf 88' lang='lat' dir='ltr'>l.</span> <span class='ocrx_word' id='word_1_171' title='bbox 1044 3048 1094 3094; x_wconf 74' lang='lat' dir='ltr'>sre-</span> 
     </span>
     <span class='ocr_line' id='line_1_26' title="bbox 239 3109 1094 3176; baseline -0.004 -18"><span class='ocrx_word' id='word_1_172' title='bbox 239 3111 299 3158; x_wconf 89' lang='lat' dir='ltr'>hano</span> <span class='ocrx_word' id='word_1_173' title='bbox 314 3113 336 3158; x_wconf 93' lang='lat' dir='ltr'>in</span> <span class='ocrx_word' id='word_1_174' title='bbox 346 3113 415 3158; x_wconf 79' lang='lat' dir='ltr'>Thea.</span> <span class='ocrx_word' id='word_1_175' title='bbox 432 3109 471 3158; x_wconf 87' lang='lat' dir='ltr'>Gr.</span> <span class='ocrx_word' id='word_1_176' title='bbox 489 3111 516 3157; x_wconf 79' lang='lat' dir='ltr'>L.</span> <span class='ocrx_word' id='word_1_177' title='bbox 550 3110 732 3170; x_wconf 81' lang='lat' dir='ltr'>Vatkenerioque</span> <span class='ocrx_word' id='word_1_178' title='bbox 742 3111 850 3168; x_wconf 82' lang='lat' dir='ltr'>intragm.</span> <span class='ocrx_word' id='word_1_179' title='bbox 862 3111 939 3172; x_wconf 71' lang='lat' dir='ltr'>Eurip.</span> <span class='ocrx_word' id='word_1_180' title='bbox 952 3129 974 3174; x_wconf 81' lang='lat' dir='ltr'>p.</span> <span class='ocrx_word' id='word_1_181' title='bbox 993 3119 1044 3162; x_wconf 81' lang='lat'>231,</span> <span class='ocrx_word' id='word_1_182' title='bbox 1055 3113 1094 3176; x_wconf 80' lang='lat' dir='ltr'>qui</span> 
     </span>
     <span class='ocr_line' id='line_1_27' title="bbox 239 3169 737 3236; baseline -0.004 -20"><span class='ocrx_word' id='word_1_183' title='bbox 239 3172 268 3231; x_wconf 71' lang='lat' dir='ltr'>‚gi</span> <span class='ocrx_word' id='word_1_184' title='bbox 278 3172 328 3218; x_wconf 86' lang='lat' dir='ltr'>vult</span> <span class='ocrx_word' id='word_1_185' title='bbox 344 3173 426 3236; x_wconf 71' lang='grc' dir='ltr'><strong>θυμος,</strong></span> <span class='ocrx_word' id='word_1_186' title='bbox 438 3171 476 3217; x_wconf 82' lang='lat' dir='ltr'>aed</span> <span class='ocrx_word' id='word_1_187' title='bbox 486 3169 519 3218; x_wconf 79' lang='lat' dir='ltr'>ita</span> <span class='ocrx_word' id='word_1_188' title='bbox 528 3174 552 3216; x_wconf 81' lang='lat' dir='ltr'>et</span> <span class='ocrx_word' id='word_1_189' title='bbox 565 3169 681 3227; x_wconf 75' lang='lat' dir='ltr'>legendum</span> <span class='ocrx_word' id='word_1_190' title='bbox 691 3170 737 3226; x_wconf 75' lang='lat' dir='ltr'>qui.</span> 
     </span>
    </p>
   </div>
   <div class='ocr_carea' id='block_1_7' title="bbox 223 3255 1095 3630">
    <p class='ocr_par' dir='ltr' id='par_1_7' title="bbox 223 3255 1095 3630">
     <span class='ocr_line' id='line_1_28' title="bbox 253 3255 1093 3320; baseline -0.007 -14"><span class='ocrx_word' id='word_1_191' title='bbox 253 3261 276 3294; x_wconf 74' lang='lat'>²⁸</span> <span class='ocrx_word' id='word_1_192' title='bbox 290 3261 370 3308; x_wconf 83' lang='lat' dir='ltr'>intimo</span> <span class='ocrx_word' id='word_1_193' title='bbox 379 3259 429 3306; x_wconf 79' lang='lat' dir='ltr'>odio</span> <span class='ocrx_word' id='word_1_194' title='bbox 436 3263 456 3306; x_wconf 84' lang='lat' dir='ltr'>et</span> <span class='ocrx_word' id='word_1_195' title='bbox 467 3259 548 3320; x_wconf 75' lang='lat' dir='ltr'>eorde]</span> <span class='ocrx_word' id='word_1_196' title='bbox 566 3257 687 3304; x_wconf 76' lang='lat' dir='ltr'>Lambinus</span> <span class='ocrx_word' id='word_1_197' title='bbox 697 3262 720 3302; x_wconf 82' lang='lat' dir='ltr'>at</span> <span class='ocrx_word' id='word_1_198' title='bbox 731 3255 844 3313; x_wconf 84' lang='lat' dir='ltr'>Bentlejur</span> <span class='ocrx_word' id='word_1_199' title='bbox 854 3269 910 3301; x_wconf 82' lang='lat' dir='ltr'>corr.</span> <span class='ocrx_word' id='word_1_200' title='bbox 922 3256 1001 3302; x_wconf 75' lang='lat' dir='ltr'>intimo</span> <span class='ocrx_word' id='word_1_201' title='bbox 1010 3257 1093 3311; x_wconf 79' lang='lat' dir='ltr'>animo,</span> 
     </span>
     <span class='ocr_line' id='line_1_29' title="bbox 240 3313 1095 3372; baseline -0.011 -6"><span class='ocrx_word' id='word_1_202' title='bbox 240 3321 284 3366; x_wconf 93' lang='lat' dir='ltr'>uod</span> <span class='ocrx_word' id='word_1_203' title='bbox 294 3327 318 3366; x_wconf 87' lang='lat' dir='ltr'>et</span> <span class='ocrx_word' id='word_1_204' title='bbox 329 3318 432 3366; x_wconf 65' lang='lat' dir='ltr'>Davisius</span> <span class='ocrx_word' id='word_1_205' title='bbox 441 3318 521 3364; x_wconf 86' lang='lat' dir='ltr'>edidit.</span> <span class='ocrx_word' id='word_1_206' title='bbox 554 3315 676 3362; x_wconf 81' lang='lat' dir='ltr'>Buheriur:</span> <span class='ocrx_word' id='word_1_207' title='bbox 695 3315 755 3362; x_wconf 82' lang='lat' dir='ltr'>inter</span> <span class='ocrx_word' id='word_1_208' title='bbox 772 3316 816 3362; x_wconf 78' lang='lat' dir='ltr'>dua</span> <span class='ocrx_word' id='word_1_209' title='bbox 833 3314 903 3370; x_wconf 77' lang='lat' dir='ltr'>corde,</span> <span class='ocrx_word' id='word_1_210' title='bbox 920 3320 963 3361; x_wconf 88' lang='lat' dir='ltr'>ete.</span> <span class='ocrx_word' id='word_1_211' title='bbox 984 3314 1044 3372; x_wconf 88' lang='lat' dir='ltr'>quud</span> <span class='ocrx_word' id='word_1_212' title='bbox 1054 3313 1095 3358; x_wconf 83' lang='lat' dir='ltr'>iila</span> 
     </span>
     <span class='ocr_line' id='line_1_30' title="bbox 223 3334 737 3426; baseline -0.008 -2"><span class='ocrx_word' id='word_1_213' title='bbox 223 3334 324 3426; x_wconf 65' lang='lat' dir='ltr'>ieiunio</span> <span class='ocrx_word' id='word_1_214' title='bbox 333 3384 356 3423; x_wconf 86' lang='lat' dir='ltr'>et</span> <span class='ocrx_word' id='word_1_215' title='bbox 366 3377 389 3423; x_wconf 92' lang='lat' dir='ltr'>in</span> <span class='ocrx_word' id='word_1_216' title='bbox 399 3376 537 3422; x_wconf 86' lang='lat' dir='ltr'>inimicitiam</span> <span class='ocrx_word' id='word_1_217' title='bbox 547 3374 655 3420; x_wconf 85' lang='lat' dir='ltr'>etodium</span> <span class='ocrx_word' id='word_1_218' title='bbox 670 3373 737 3420; x_wconf 89' lang='lat' dir='ltr'>eadit.</span> 
     </span>
     <span class='ocr_line' id='line_1_31' title="bbox 256 3450 1094 3514; baseline -0.005 -13"><span class='ocrx_word' id='word_1_219' title='bbox 256 3456 279 3488; x_wconf 75' lang='lat'>²⁹</span> <span class='ocrx_word' id='word_1_220' title='bbox 293 3455 449 3512; x_wconf 69' lang='lat' dir='ltr'>Doungnunr</span> <span class='ocrx_word' id='word_1_221' title='bbox 457 3453 519 3500; x_wconf 81' lang='lat' dir='ltr'>illud</span> <span class='ocrx_word' id='word_1_222' title='bbox 528 3453 611 3514; x_wconf 73' lang='lat' dir='ltr'>etiam]</span> <span class='ocrx_word' id='word_1_223' title='bbox 636 3453 695 3500; x_wconf 85' lang='lat' dir='ltr'>Puto</span> <span class='ocrx_word' id='word_1_224' title='bbox 707 3452 845 3503; x_wconf 76' lang='lat' dir='ltr'>scribendum</span> <span class='ocrx_word' id='word_1_225' title='bbox 856 3451 1012 3511; x_wconf 68' lang='lat' dir='ltr'>Ih&#39;stinguunt</span> <span class='ocrx_word' id='word_1_226' title='bbox 1021 3450 1094 3508; x_wconf 83' lang='lat' dir='ltr'>etium,</span> 
     </span>
     <span class='ocr_line' id='line_1_32' title="bbox 226 3512 1093 3582; baseline -0.002 -22"><span class='ocrx_word' id='word_1_227' title='bbox 226 3515 288 3560; x_wconf 73' lang='lat' dir='ltr'>tuae</span> <span class='ocrx_word' id='word_1_228' title='bbox 303 3517 330 3582; x_wconf 68' lang='lat' dir='ltr'>at</span> <span class='ocrx_word' id='word_1_229' title='bbox 343 3514 379 3582; x_wconf 69' lang='lat' dir='ltr'>rit,</span> <span class='ocrx_word' id='word_1_230' title='bbox 396 3514 429 3558; x_wconf 86' lang='lat' dir='ltr'>ita</span> <span class='ocrx_word' id='word_1_231' title='bbox 448 3527 494 3560; x_wconf 90' lang='lat' dir='ltr'>non</span> <span class='ocrx_word' id='word_1_232' title='bbox 512 3527 569 3576; x_wconf 81' lang='lat' dir='ltr'>opor</span> <span class='ocrx_word' id='word_1_233' title='bbox 587 3513 631 3561; x_wconf 81' lang='lat' dir='ltr'>erit</span> <span class='ocrx_word' id='word_1_234' title='bbox 649 3517 700 3576; x_wconf 81' lang='lat' dir='ltr'>port</span> <span class='ocrx_word' id='word_1_235' title='bbox 717 3514 801 3564; x_wconf 83' lang='lat' dir='ltr'>addere</span> <span class='ocrx_word' id='word_1_236' title='bbox 817 3512 953 3564; x_wconf 69' lang='lat' dir='ltr'>desiderium</span> <span class='ocrx_word' id='word_1_237' title='bbox 962 3516 989 3562; x_wconf 86' lang='lat' dir='ltr'>nt</span> <span class='ocrx_word' id='word_1_238' title='bbox 1003 3512 1049 3569; x_wconf 75' lang='lat' dir='ltr'>rit,-</span> <span class='ocrx_word' id='word_1_239' title='bbox 1067 3514 1093 3558; x_wconf 85' lang='lat' dir='ltr'>ot</span> 
     </span>
     <span class='ocr_line' id='line_1_33' title="bbox 226 3571 460 3630; baseline -0.004 -11"><span class='ocrx_word' id='word_1_240' title='bbox 226 3571 330 3630; x_wconf 63' lang='lat' dir='ltr'>Bentlero</span> <span class='ocrx_word' id='word_1_241' title='bbox 338 3585 409 3618; x_wconf 86' lang='lat' dir='ltr'>vrrom</span> <span class='ocrx_word' id='word_1_242' title='bbox 418 3575 460 3619; x_wconf 77' lang='lat' dir='ltr'>ert,</span> 
     </span>
    </p>
   </div>
   <div class='ocr_carea' id='block_1_8' title="bbox 0 0 1280 4208">
    <p class='ocr_par' dir='ltr' id='par_1_8' title="bbox 0 0 1280 4208">
     <span class='ocr_line' id='line_1_34' title="bbox 0 0 1280 4208; baseline 0 0"><span class='ocrx_word' id='word_1_243' title='bbox 0 0 1280 4208; x_wconf 95' lang='lat' dir='ltr'> </span> 
     </span>
    </p>
   </div>
  </div>
 </body>
</html>
