2552 4208
478 321 578 372 LlBRR
593 319 770 370 bECUNDUS.

217 471 279 527 Jam
290 487 410 533 cernam.
424 485 513 530 mene,
528 484 562 522 cu
576 468 650 521 illam
663 467 795 536 potiorem
808 469 898 536 potu.

215 561 311 634 Perge.
325 562 402 622 aude,
415 566 490 620 nate,
503 561 645 628 illacryma
655 561 741 627 patris
753 561 893 626 pestibus:

215 652 358 714 Miserere,
372 655 468 718 gentes
480 655 585 704 nostras
598 650 701 704 flebunt
714 649 845 702 miserius.

215 740 278 796 Heu
292 741 453 812 virginalem
468 755 511 794 me
524 755 571 794 ore
584 741 720 807 ploratum
731 739 823 800 edere,

218 832 309 890 Quem
322 832 398 886 ridet
409 847 489 886 nemo
500 831 549 884 ulli
563 831 786 900 ingemiscentem
798 829 891 886 maloi

217 923 261 976 Sic
273 920 296 952 ²⁷
305 923 453 976 l'aeminata
465 925 552 976 virtus
564 923 664 976 afflicta
675 921 787 976 occidit.

215 1012 325 1066 Accede
339 1019 411 1073 nate.
424 1017 530 1071 assiste.
543 1012 725 1066 miserandum
734 1011 844 1080 adspice

216 1102 406 1156 Evisceratnm
419 1119 515 1172 corpus
528 1103 642 1156 lacerati
656 1103 750 1168 patris.

215 1192 318 1249 Videte
330 1195 431 1250 cuncti,
445 1197 529 1262 tuque
541 1193 693 1246 caelestum
705 1197 788 1252 sator,

214 1284 292 1342 lece.
302 1286 424 1340 obsecro,
439 1285 466 1334 in
479 1297 523 1334 me
536 1284 591 1334 rim
604 1297 742 1334 coruscam
756 1281 887 1334 fulminis.

213 1355 303 1434 illunc.
317 1387 386 1427 nunc
398 1372 521 1426 dolorum
533 1372 647 1424 auxiferi
662 1379 790 1441 torquent
808 1372 926 1426 vertices

215 1463 296 1515 Nunc
309 1463 395 1528 serpit
407 1462 494 1514 ardor.
506 1459 597 1516 &laute
613 1463 740 1513 victrices
755 1477 856 1524 manua,

216 1552 242 1602 0
255 1556 377 1617 pectora,
390 1561 405 1606 e
418 1555 506 1614 terga.
519 1558 533 1602 b
548 1550 710 1600 lacertorum
723 1550 793 1600 tori!

217 1639 353 1692 Vestrone
366 1651 459 1704 pressu
472 1634 607 1702 quondam
617 1635 772 1687 Nemeaeus
786 1637 830 1686 leo

216 1727 356 1782 Freudcns
368 1725 470 1779 elllasit
483 1725 607 1794 graviter
619 1729 773 1776 extremum
786 1725 902 1776 halitum
916 1723 928 1776 l

214 1818 296 1872 Haec
307 1817 405 1871 dextre
417 1828 439 1860 π
448 1815 565 1868 lernam
579 1820 705 1875 taetram,
720 1821 841 1868 mactata
853 1820 974 1878 excetra,

215 1908 359 1962 Placerit:
379 1908 446 1958 baec
459 1907 630 1972 bicorporem
649 1904 744 1957 afflixit
757 1920 883 1957 manum:

213 1998 423 2067 Erymanthium
435 1997 503 2048 baec
517 1993 666 2052 vestifioem
679 1996 782 2063 abjecit
795 1996 903 2048 beluam
914 2015 922 2046 ε

213 2089 293 2144 Haec
306 2105 323 2141 a
334 2087 469 2140 Tartarea
478 2085 621 2138 tenebrica
634 2085 804 2137 abstractum
817 2087 897 2154 plaga

215 2177 383 2246 Tricipitem
395 2177 492 2230 eduxit
505 2173 601 2243 Hydra
612 2179 772 2242 generatum
784 2189 898 2235 canem

217 2267 296 2322 Haec
310 2269 450 2320 interemit
463 2271 537 2318 tortu
547 2265 752 2331 multiplicabili

215 2357 377 2417 Draconem,
389 2357 535 2410 arrrileram
547 2357 646 2408 obtutu
663 2355 854 2408 observantem
867 2355 1002 2410 arborem.

149 2499 151 2512 ,
212 2443 309 2500 Multa
320 2449 374 2500 alia
386 2448 486 2499 victrix
499 2449 592 2498 nostra
605 2445 732 2497 lustravit
746 2459 848 2506 manus.

216 2535 279 2588 Nec
291 2537 433 2605 quisquam
445 2549 492 2587 ase
502 2537 600 2588 uostris
613 2535 700 2602 spolia
712 2535 788 2600 cepit
801 2534 933 2590 laudibus.

184 2681 382 2745 Possumusne
408 2701 461 2742 uos
480 2691 670 2743 contemnere
697 2687 838 2754 dolorem,
868 2705 936 2746 cum
962 2687 1058 2764 ipsum

185 2785 346 2845 Herculem
357 2790 417 2842 lem
431 2783 620 2842 intoleranter
630 2785 729 2843 dolere
741 2785 913 2847 videamus?
945 2789 1058 2848 Veniet
1070 2791 1109 2852 lo

182 2885 354 2958 Aeschylus
369 2900 427 2940 non
444 2881 532 2956 pnite
547 2884 651 2951 solum,
672 2885 724 2942 sed
744 2887 832 2946 etiem
848 2887 1058 2963 Pythagoreus.

183 2983 228 3042 sic
240 2984 320 3041 enim
335 2983 512 3058 accepimus.
527 2999 583 3058 qun
603 2985 689 3042 modo
702 2985 757 3044 lert
770 2987 847 3061 apud
861 3005 927 3045 eum
942 2989 1059 3048 Prome·

208 3157 233 3193 θ’
244 3157 359 3217 snninals
368 3157 442 3206 sirim
451 3157 532 3218 afflicta
541 3161 594 3223 occ]
606 3160 656 3208 eddi
668 3175 702 3223 pr.
715 3161 798 3210 babent
808 3161 902 3220 afflictu.
918 3162 932 3209 i.
944 3177 964 3210 e.
976 3181 1058 3232 namn.

183 3225 248 3272 bene.
260 3225 350 3272 mallem
367 3225 414 3283 jam
434 3227 504 3274 etiam
514 3225 624 3284 sentines,
643 3229 661 3276 si
682 3243 757 3276 versus
775 3231 954 3290 paternionem
972 3231 996 3276 id
1015 3243 1058 3276 non

181 3285 304 3346 respondet
314 3284 409 3342 Graeco,
420 3284 442 3331 in
460 3299 505 3348 quo
514 3301 539 3335 se
553 3287 622 3338 bonus
638 3295 717 3334 vocat:
738 3289 797 3348 quod
816 3288 920 3334 convenit
933 3289 1059 3346 sensimus

90 3391 99 3407 ,
180 3348 269 3394 uirtuti.

209 3427 232 3459 ²⁸
245 3427 435 3499 hennentonam
452 3434 546 3499 mactato
557 3433 651 3493 moeno]
669 3436 724 3502 pulo
740 3443 788 3478 csse
808 3430 892 3479 debere
904 3435 967 3495 tetra,
987 3437 1012 3484 ut
1029 3431 1058 3484 sd

180 3491 293 3536 excetram
304 3495 423 3550 pertineat.
455 3490 492 3536 Sic
501 3495 526 3536 et
537 3489 641 3548 brulleio
653 3505 734 3538 visum.

211 3565 235 3598 ’θ
253 3581 264 3612 e
279 3567 360 3614 nostris
369 3567 437 3625 spolio
447 3567 502 3628 cepit
512 3567 627 3630 budibml
644 3583 684 3617 uos
694 3567 746 3616 vicit
756 3574 779 3618 et
788 3569 909 3632 supererit.

222 3661 294 3706 sou.
310 3663 363 3706 nv.
641 3653 660 3706 Β
