2558 4198
216 349 286 412 233⁰
480 339 681 390 errarunt
697 335 842 388 nannum

259 490 395 536 neretum.
412 489 457 536 2-8.
489 487 532 535 His
548 487 672 534 rationibus
678 484 822 544 subjiciuntur
831 481 1033 532 demonstraliouer
1042 481 1102 546 phy-

254 568 323 616 sicne.
358 569 433 616 Prima
443 568 568 627 hujusmodi
586 573 627 614 est.
645 567 721 614 omnia
735 580 792 627 quae
809 565 900 612 aluntur
914 569 938 610 et
952 569 1061 620 crescunt,
1070 579 1100 610 ea

257 647 420 710 temperatione
437 647 519 695 caloris
528 647 630 694 oriuntur
639 653 663 693 et
672 653 789 706 augentur,
806 659 927 706 omnerque
936 648 1012 706 partes
1021 659 1057 692 mu
1061 644 1099 692 ndi

260 727 337 774 calore
353 728 581 786 tultaerurtineoturp
597 728 673 790 itaque
683 733 706 773 et
723 727 816 773 mundus
826 725 892 772 simili
909 725 1002 787 parique
1017 732 1099 772 natura

257 813 366 858 teruntur.
388 807 430 854 Est
440 806 507 867 igitur
516 812 604 862 natura,
616 821 673 868 quae
681 820 769 853 omnem
779 806 884 852 mundum
893 805 994 851 continet
1003 818 1098 864 eumque

253 893 347 943 tuetur,
377 901 435 948 quse
460 885 565 948 qnoniam
584 887 660 933 mundi
680 885 839 947 principatum,
858 883 1007 951 (WW'd
1028 891 1053 931 ut
1074 883 1098 930 in

254 973 345 1020 homins
354 987 424 1026 mens.
434 971 529 1028 obtinet,
541 978 565 1019 et
574 977 609 1019 est
625 971 683 1019 adeo
702 972 800 1020 omnium
814 971 906 1033 optima,
918 987 993 1018 sensus
1009 984 1098 1033 quoque

254 1058 279 1100 et
299 1056 359 1100 ratio
373 1053 424 1100 huic
441 1058 533 1100 naturae
553 1052 619 1100 insint
633 1065 723 1098 necesse
738 1060 779 1107 ast,
797 1066 854 1113 quae
868 1051 891 1097 iu
906 1051 1006 1112 partibus
1022 1050 1100 1098 mnndi

254 1138 313 1190 sunt,
323 1139 347 1179 et
356 1134 426 1180 multo
437 1133 526 1194 quidem
537 1131 625 1179 acriora
632 1135 700 1194 atque
709 1132 807 1191 maj0m5
818 1146 846 1178 ex
854 1147 898 1194 quo
908 1131 1014 1178 muudum
1024 1131 1098 1178 Deum

253 1225 302 1259 esre
310 1212 457 1259 concluditur.
490 1212 532 1259 Est
543 1211 767 1272 practereasnimans
777 1213 885 1270 mundur;
904 1211 964 1272 quod
981 1216 1042 1257 motu
1058 1224 1100 1258 suo

255 1289 334 1348 rietur,
349 1291 395 1352 qni,
406 1292 442 1336 vel
457 1291 553 1338 Platone
569 1297 669 1348 auctore,
680 1297 766 1338 tantum
776 1291 799 1337 in
815 1291 900 1338 animos
915 1291 983 1338 cadit.
1000 1305 1019 1336 c.
1034 1293 1098 1340 942.

254 1369 338 1418 Altera
348 1369 448 1417 ratioric
466 1370 583 1432 procedit:
608 1371 633 1417 ln
643 1369 703 1416 omni
720 1385 793 1417 rerum
809 1370 948 1418 institutione
961 1375 996 1418 etl
1013 1369 1099 1432 aliquid

255 1455 378 1500 extremm
387 1455 455 1512 atque
469 1451 599 1512 perfectum,
617 1450 659 1498 niri
677 1450 787 1513 quaedam
806 1449 839 1497 vir
856 1451 960 1498 obsistat.
990 1451 1060 1508 igitur
1074 1449 1099 1496 in

255 1531 315 1580 omni
333 1536 413 1579 natura
423 1547 441 1578 s.
452 1529 562 1588 universo,
574 1546 600 1577 ac
611 1531 682 1577 multo
696 1530 765 1577 etiam
780 1530 858 1590 magis,
869 1545 958 1578 necesse
968 1536 1002 1577 est
1011 1529 1100 1577 absolvi

255 1611 343 1674 aliquid
354 1627 381 1658 ac
390 1611 479 1674 perfici,
510 1611 571 1672 qnod
582 1611 621 1666 nil,
631 1616 656 1658 ut
666 1611 689 1658 in
699 1611 779 1658 ceteris
795 1610 889 1670 naturis,
899 1611 1006 1658 obsistere
1016 1617 1097 1672 potest.

255 1708 309 1753 erpo
318 1707 368 1740 orm
385 1691 408 1738 in
419 1691 461 1748 his,
471 1706 528 1754 quae
538 1691 657 1752 gignuntur
667 1705 694 1739 ex
710 1696 779 1749 terra,
796 1689 828 1737 nil
843 1690 873 1738 sit
891 1694 982 1752 praeter
997 1691 1100 1737 nutritio-

255 1786 320 1831 nem;
340 1772 427 1820 bestiae
443 1771 562 1832 praeterea
578 1785 665 1818 censum
675 1777 700 1818 et
716 1775 801 1819 motum
816 1770 901 1818 habent
918 1773 942 1816 et
958 1771 1099 1832 appetitum:

255 1850 341 1901 tonici
355 1851 434 1898 addita
446 1851 519 1898 etism
535 1856 570 1898 cst
583 1852 650 1909 ratio,
668 1867 712 1914 qua
729 1851 841 1912 appetitus
858 1856 971 1917 regauurp.
1002 1850 1039 1896 Ex
1054 1864 1101 1912 quo

256 1930 356 1988 efficitur,
374 1945 423 1978 esse
442 1931 510 1978 etiam
528 1937 633 1994 quartum
650 1936 675 1978 et
694 1931 825 1980 altissimum
843 1931 938 1994 gradum
957 1945 1041 1986 eorum,
1061 1929 1100 1990 qui

256 2014 337 2056 natura
355 2009 406 2056 boni
424 2009 579 2071 sapienterque
597 2009 723 2070 gignantur,
742 2012 821 2072 quibus
837 2012 865 2058 ab
880 2011 946 2058 initio
964 2011 1016 2058 insit
1036 2013 1100 2057 recta

257 2095 402 2148 cornutamque
411 2088 477 2144 ratio,
487 2103 545 2150 quac
557 2089 608 2136 Deo
618 2089 738 2143 tribuenda
746 2091 783 2148 sit,
794 2092 837 2138 boc
845 2097 880 2138 est
890 2091 978 2138 mundo.
1011 2077 1110 2138 Eodem

256 2169 303 2216 ture
312 2167 380 2214 modo
389 2167 490 2223 efficitur,
501 2181 548 2214 esre
558 2167 580 2214 in
590 2169 674 2214 mundo
688 2184 795 2217 summam
805 2170 911 2218 virtutem
922 2176 947 2218 et
957 2170 1099 2233 sapientiam.

237 2264 277 2306 ,a
296 2251 368 2296 12-14.
399 2246 444 2292 Sed
454 2246 531 2294 mundi
548 2247 668 2294 divinitate
684 2255 808 2310 perspecta,
826 2251 891 2298 astris
908 2251 976 2298 etism
993 2249 1101 2298 divinitas

256 2333 292 2376 ert
316 2325 443 2374 tribuenda.
492 2326 619 2386 Gignuntur
647 2328 707 2376 enim
727 2344 754 2377 ex
773 2330 918 2378 mobilissima
940 2334 964 2378 nt
983 2331 1100 2392 purissima

257 2407 355 2456 aetheris
364 2411 436 2467 parte,
451 2406 515 2454 nulla
529 2406 575 2454 elia
592 2408 691 2455 admixta
709 2416 797 2464 natura,
813 2414 906 2472 totaque
924 2417 974 2458 suat
991 2412 1066 2459 calida
1075 2417 1100 2459 et

256 2488 377 2551 pellucida.
408 2488 536 2536 Absurdum
555 2492 631 2535 autem
650 2493 717 2546 esset,
733 2489 751 2536 si
771 2503 806 2537 res
825 2491 880 2537 a'c're
899 2495 964 2537 ortae
989 2492 1100 2540 rationem

238 2569 373 2626 baberent,
393 2568 491 2630 quaein
511 2569 583 2615 multo
602 2567 693 2628 puriore
712 2569 805 2616 aethere
823 2574 951 2628 nascuntur,
971 2586 1035 2620 sensu
1059 2577 1102 2620 aut

258 2649 346 2696 ratione
362 2652 472 2705 carerent,
490 2661 548 2708 quae
563 2646 595 2693 ibi
613 2647 684 2694 multa
697 2647 784 2694 acriora
800 2648 843 2696 rint
860 2663 950 2697 necesse
964 2657 1005 2708 est,
1021 2658 1045 2699 et
1062 2653 1101 2700 vel

257 2730 336 2778 ordine
348 2744 424 2776 eorum
442 2733 466 2775 et
484 2728 618 2785 cunctantia,
635 2733 742 2790 motuque
762 2729 891 2776 voluntario
906 2730 1056 2779 declarantur.
1077 2746 1098 2778 c.

260 2811 293 2856 15,
305 2824 322 2855 r.
355 2809 399 2856 Sed
419 2801 513 2855 maxime
531 2812 641 2854 notrorum
658 2822 745 2854 sensum
762 2812 787 2854 et
804 2807 976 2867 intelligentiam
994 2810 1101 2856 divinita·

258 2891 347 2948 temque
356 2888 457 2934 declarat
472 2887 581 2950 mirabilis
598 2887 654 2933 ordo
672 2902 748 2935 eorum
759 2893 783 2934 et
802 2888 935 2945 constantia,
954 2904 1011 2950 quae
1027 2904 1100 2952 neque

258 2976 361 3014 naturam
375 2967 488 3025 significat,
499 2967 602 3028 quodest
617 2967 684 3028 plena
699 2967 798 3022 rationis,
817 2983 888 3029 neque
905 2968 1024 3026 fortunam,
1042 2983 1101 3030 quae

258 3045 406 3094 constantiam
417 3046 506 3105 respuit.
540 3046 619 3106 loquo
630 3045 738 3106 epicurus
748 3046 842 3094 ridicule
852 3053 921 3104 errat,
931 3047 969 3110 qui
980 3049 1101 3098 humanata

259 3127 349 3184 figuram
369 3125 420 3172 Diis
438 3124 548 3182 attribuit,
566 3130 677 3186 negatque
697 3127 815 3173 rotundum
841 3131 865 3174 et
881 3128 1006 3176 volubilem
1026 3129 1100 3176 Deum

259 3203 353 3264 cogitari
373 3218 443 3266 posse.
460 3218 480 3248 c.
498 3207 531 3250 lti.
550 3217 596 3265 seq.
628 3204 672 3250 Sed
683 3205 766 3250 multae
783 3206 842 3253 aliae
851 3213 946 3254 naturae
964 3208 1063 3258 Deorum
1072 3225 1102 3258 ex

244 3341 247 3350 Ι
259 3285 345 3344 magnis
355 3299 432 3330 eorum
451 3283 559 3330 beneficiis
569 3285 705 3331 constitutae
721 3290 778 3332 sunt.
812 3286 872 3333 Nam
883 3288 956 3348 primo
966 3290 1025 3350 quod
1042 3293 1077 3336 est
1086 3303 1102 3336 a

261 3363 313 3412 Deo
323 3369 407 3419 uaturrt,
419 3363 441 3412 id
450 3364 539 3410 nomine
557 3363 623 3426 iprius
634 3363 677 3410 Dei
688 3369 842 3425 nuncupatum
867 3368 949 3414 deiude
967 3384 1002 3416 res
1011 3369 1067 3430 ipra,
1077 3371 1102 3418 in

243 3487 246 3492 ,
260 3450 347 3499 quaest
359 3443 392 3489 vin
403 3444 472 3501 major
482 3443 564 3504 aliqua,
574 3443 605 3492 cio
614 3443 754 3506 appellaturp
770 3445 880 3494 beneficiis
890 3463 957 3508 porro
967 3450 1103 3497 excellenter
1138 3487 1141 3494 .
1184 3428 1187 3434 ⁵

261 3521 343 3566 virilu
362 3522 449 3568 coelum
468 3524 526 3568 tama
546 3537 572 3568 ac
590 3523 707 3570 voluntate
721 3523 804 3572 sublati
822 3531 887 3587 sunt5
916 3543 944 3574 ac
958 3528 1053 3589 denique
1074 3543 1102 3576 ex

260 3597 354 3658 physica
369 3599 456 3649 ratione
472 3602 537 3650 multi
554 3603 664 3652 fluxerunt
680 3604 766 3662 poetici
784 3605 832 3657 Dii.
849 3622 868 3656 c.
887 3610 924 3656 23.
935 3621 981 3670 seq.
1013 3607 1111 3658 Constie
