3354 4234
679 341 780 396 milii
793 341 925 394 PRIMUS.

359 497 410 559 ‚At
429 511 501 555 vero
524 492 645 596 sapiens
662 493 724 564 ilie,

422 627 824 688 Mommmnrentlmmist
839 627 967 690 lismsnns
981 628 1061 678 amo

482 711 625 782 Macronem,
640 714 666 758 nt
680 708 795 758 eelebrent
807 709 887 758 iuuere
900 723 952 758 nrm
965 709 1058 770 moritu.

364 834 430 894 Nos
444 849 524 900 vero,
538 831 563 890 si
583 830 726 908 quidiste
747 830 900 898 renident,
922 834 986 890 uts
1004 830 1062 889 deo
1082 829 1236 894 denuntie-

364 941 427 992 tum
448 933 646 1012 videntur,·ut
666 948 805 990 exeamus
825 948 844 988 e
865 930 938 999 vite,
964 929 1045 999 laeti,
1065 936 1097 989 et
1116 939 1239 1008 agentes

360 1032 474 1112 gratias
487 1049 647 1106 pareamus,
661 1031 815 1107 emittique
835 1047 890 1089 nos
908 1047 926 1086 e
944 1031 1087 1099 ouetodia,
1100 1039 1132 1089 et
1146 1031 1241 1091 levari

363 1131 495 1192 vineuiis
515 1131 694 1200 arbitremur,
715 1136 746 1188 ut
766 1135 817 1189 nul
837 1130 868 1188 in
880 1137 1040 1196 aeternnm,
1061 1135 1091 1188 et
1105 1133 1192 1205 pinne
1206 1131 1240 1192 in

363 1237 493 1294 nostrum
506 1231 624 1290 domurn
641 1230 839 1307 remigremus,
853 1235 902 1288 eut
918 1230 998 1288 omni
1019 1246 1116 1298 sensu,
1137 1233 1240 1290 moles·

363 1333 461 1410 linque
485 1347 651 1390 eareamua:
674 1332 721 1388 sin
742 1336 840 1390 nutem
861 1329 934 1388 nihil
954 1331 1182 1400 denuntiabitur,
1201 1347 1240 1392 en

365 1435 465 1491 tamen
485 1431 574 1489 simus
595 1431 705 1497 enimn,
719 1435 749 1486 nt
773 1429 940 1488 horribilem
960 1430 1043 1488 iilum
1064 1431 1144 1488 diem
1163 1433 1241 1502 aliie,
1305 1423 1311 1432 ’

366 1529 452 1588 nobis
472 1529 599 1585 inustum
623 1533 764 1601 putemus,
787 1527 917 1600 nihilque
941 1529 971 1586 in
986 1530 1070 1586 malis
1091 1531 1241 1600 (inermus,

369 1627 444 1704 qnod
458 1625 497 1683 sit
511 1626 560 1682 vei
575 1624 662 1681 ediis
677 1624 896 1708 immortalibus,
909 1627 956 1682 vei
971 1643 989 1682 a
1004 1632 1103 1683 netum
1119 1635 1242 1701 parente

366 1726 499 1786 omnium
518 1724 717 1782 constitutum.
739 1739 799 1781 non
818 1724 899 1782 enim
913 1730 1033 1792 temere,
1054 1743 1110 1783 nee
1123 1727 1242 1787 fortuitu

365 1825 433 1894 eati,
454 1828 486 1883 et
498 1823 591 1882 creati
603 1840 714 1893 sumus,
733 1825 784 1882 sed
800 1824 930 1897 proiecto
949 1825 1003 1883 ruit
1022 1828 1163 1901 quaedam
1185 1828 1242 1902 vis,

365 1942 440 2002 quae
453 1923 554 2000 generi
568 1926 733 1982 consuleret
748 1923 895 1982 humano:
917 1941 973 1983 neo
988 1926 1017 1982 in
1028 1927 1170 2001 gigneret,
1189 1933 1243 1990 eut

364 2027 467 2093 aieret,
481 2024 568 2099 quod,
587 2039 655 2082 oum
677 2024 891 2087 nuntiavisset
913 2043 1015 2085 omnes
1035 2027 1158 2096 iabores,
1179 2034 1241 2090 tum

359 2123 508 2183 inuideret
535 2122 567 2180 in
602 2124 702 2181 mortis
731 2126 840 2182 melum
863 2125 1093 2199 sempiternum:
1124 2135 1239 2202 portum
1298 2165 1304 2178 ·

365 2224 462 2300 polius
483 2228 613 2298 puratum
634 2223 727 2292 nobis,
747 2230 778 2281 et
803 2223 964 2299 perfugium
990 2231 1130 2298 putemus.
1174 2229 1242 2300 Qun

364 2323 477 2382 utinum
492 2322 567 2380 velis
588 2321 680 2396 pausis
700 2323 822 2396 pervehi
841 2323 950 2381 licenti
970 2322 989 2356 ¹¹
1000 2325 1047 2382 sin
1071 2325 1241 2388 reflantibus

365 2423 465 2481 ventis
479 2422 653 2496 rejieiemur,
667 2427 766 2479 tamen
780 2425 884 2481 eodem
899 2424 997 2496 paullo
1017 2425 1125 2483 tardius
1139 2427 1243 2487 resero

366 2537 431 2580 mur
451 2537 572 2578 neeesse
586 2526 640 2578 est.
682 2521 767 2594 Quod
780 2529 879 2580 nutem
893 2523 1026 2579 omnibus
1052 2541 1172 2583 neeesse
1186 2531 1241 2596 eet,

366 2618 437 2677 idne
461 2618 598 2677 miserum
625 2635 689 2676 esse
717 2619 768 2676 uni
795 2618 912 2694 potest?
957 2621 1056 2678 Habes
1083 2625 1240 2699 epilogum,

366 2717 475 2795 nequid
497 2717 739 2792 praetermissum,
763 2723 812 2774 aut
826 2717 960 2777 relietum
981 2726 1072 2794 putee.
1116 2725 1154 2782 Α.
1176 2725 1241 2799 Egn

368 2833 449 2875 vero.
464 2823 494 2875 et
513 2816 715 2892 quidem'ieoit
734 2815 824 2872 etiam
846 2816 902 2872 lete
925 2833 971 2874 me
991 2819 1122 2894 epilogus
1137 2821 1241 2881 tirmio-

366 2933 437 2976 rem.
480 2915 523 2974 Μ.
542 2915 672 2991 Optime,
692 2915 817 2990 inquam.
833 2915 886 2972 sed
906 2931 983 2973 nune
1005 2917 1120 2991 quidem
1138 2921 1241 2982 volitu-

365 3015 430 3076 dini
463 3015 621 3074 tribuamus
649 3013 767 3092 aliquid.
794 3031 859 3072 oras
887 3023 992 3082 antem,
1020 3021 1051 3073 et
1080 3027 1149 3094 quot
1176 3021 1241 3080 dies

365 3116 473 3176 erimus
488 3117 519 3174 in
532 3115 713 3182 Tusculano,
724 3131 843 3190 agemus
858 3115 941 3184 lineo,
955 3124 986 3174 et
999 3137 1033 3175 en
1050 3120 1242 3196 potissimum,

366 3233 441 3292 quoe
457 3215 637 3275 levationem
651 3217 778 3274 habeant
802 3217 1025 3292 aegritudinum,
1045 3222 1241 3295 formidinum,

367 3315 578 3390 cupiditatum:
612 3315 662 3392 qui
688 3315 770 3376 omni
803 3335 820 3376 e
845 3318 1029 3394 philosophia
1055 3327 1101 3379 est
1131 3323 1240 3383 tructus

366 3414 535 3474 uberrimus.

395 3569 416 3642 {¹
430 3569 467 3641 sin
480 3567 613 3630 ementitus
622 3568 712 3633 vestiit]
738 3569 775 3618 ste
783 3569 841 3618 bene
852 3571 957 3621 Davisius
965 3574 1036 3622 edidit
1045 3589 1087 3638 pro
1098 3580 1240 3629 rutnntiins.

382 3643 474 3738 lieiim
483 3630 605 3708 suntlsessts‘
613 3631 734 3684 minsttul
754 3629 904 3680 Consentiunt
921 3634 972 3682 edd.
985 3642 1040 3684 vett.
1056 3638 1175 3702 plures‚et
1190 3641 1239 3687 Ms.
