2558 4198
448 331 558 390 urnae
572 331 752 384 sncunnus.
976 339 1041 402 333
1079 393 1081 399 Ι

167 481 289 554 dubitet,
303 483 381 546 baud
394 499 466 542 rane
487 481 640 559 inlellign;
659 500 712 544 cur
726 499 785 542 non
809 481 899 553 idem,
923 483 968 542 ecl
993 484 1042 555 sit,

164 600 206 644 em
225 586 322 644 nullus
344 583 392 652 sit,
412 581 546 642 dubitare
570 583 671 657 possit.
713 584 791 658 Quid
812 583 893 643 enim
917 590 962 644 est
981 585 1040 644 hcc

162 683 217 744 illc
232 679 428 742 evidentius?
456 685 531 759 quod
546 684 603 745 uiri
622 684 772 760 cognitum
787 685 1040 760 comprehensum·

164 801 222 859 que
235 781 342 842 animis
356 783 539 851 haberemus,
562 801 622 844 non
637 789 697 844 tam
717 784 831 844 stabilis
852 784 954 858 opinio
977 803 1040 860 per·

164 886 307 950 maneret,
333 899 390 942 nec
423 883 644 948 confirmaretur
672 884 863 944 diuturnitate
892 883 1040 958 temporie,

160 997 219 1042 nec
240 998 298 1042 una
316 983 442 1042 saeculis
465 983 668 1056 aetatibusque
695 985 847 1044 hominum
871 983 1039 1042 inveterare

163 1080 312 1157 potuisset.
355 1082 477 1142 Etenim
492 1084 637 1154 videmus,
651 1089 765 1143 ceteras
779 1082 933 1158 opiniones
956 1083 1041 1142 fictas

163 1185 252 1256 atque
278 1197 372 1240 venas
398 1182 592 1248 diuturnitate
624 1183 802 1242 extabuisse.
830 1181 931 1258 ,Quis
959 1181 1039 1242 enim

162 1278 422 1354 hippocentaurum
436 1281 532 1352 luisse,
546 1288 597 1341 aul
607 1283 786 1342 chimaeram
800 1280 904 1357 putati
923 1299 1038 1358 quaeue

164 1393 238 1438 auus
262 1385 327 1439 tam
350 1397 456 1438 excors
487 1380 617 1442 inveniri
642 1387 747 1458 potest,
771 1399 846 1458 quae
875 1383 936 1450 illa,
963 1396 1038 1457 quae

162 1480 309 1554 quondam
341 1480 535 1540 credebantur
561 1483 639 1555 apud
663 1482 774 1540 inferos
798 1487 942 1556 portenta,
962 1479 1039 1538 eati·

162 1575 299 1638 maeel?
331 1577 504 1652 opinionum
538 1580 620 1638 euim
651 1585 819 1640 commenta
846 1583 926 1640 delet
956 1579 1037 1636 diest

161 1682 285 1737 naturae
310 1677 428 1753 judicia
461 1679 623 1738 mnbrmat.
652 1681 781 1755 ·ltaque
814 1684 845 1738 el
878 1679 909 1738 in
937 1682 1037 1736 nostro

154 1780 286 1850 *mules
298 1759 334 1830 ot*
356 1777 389 1830 in
409 1778 526 1842 ueteris,
545 1780 665 1840 deorum
685 1779 781 1838 cultus
804 1778 1035 1854 religionumque

159 1873 331 1934 sanctitates
345 1871 493 1930 exsistunt
513 1871 624 1930 indies
647 1858 771 1952 maffores
785 1879 871 1950 atque
886 1877 1034 1936 meliores.

159 1975 252 2050 idque
266 1972 443 2032 evenit·ncn
459 1978 577 2040 temere,
601 1989 658 2030 nec
688 1989 768 2043 casu,
792 1975 846 2032 sed
865 1976 941 2051 quod
955 1992 1036 2050 prae·

158 2073 283 2146 sentiam
297 2089 386 2146 saepe
400 2070 464 2128 divi
479 2072 740 2132 ruamdeelarani:
760 2078 792 2134 ut
805 2078 838 2132 et
850 2077 925 2148 apud
936 2075 1035 2152 Regil-

156 2175 223 2232 lum
244 2174 323 2232 bello
350 2170 532 2240 Latinorum,
560 2189 627 2232 cum
658 2174 697 2232 A.
718 2174 884 2234 Postumius
907 2175 1035 2234 dictator

157 2285 224 2331 cum
239 2271 369 2330 Octavio
381 2271 518 2330 Mamilio
543 2273 716 2332 Tusculano
736 2275 848 2348 proelio
869 2275 1033 2344 dimicaret.

156 2371 189 2430 in
203 2375 302 2428 nostra
315 2370 382 2428 acie
396 2370 502 2428 Castor
516 2375 548 2428 et
561 2371 667 2430 Pollux
681 2391 720 2431 ex
737 2374 818 2449 equis
829 2392 958 2451 pugnare
974 2374 1032 2432 visi

154 2474 242 2532 runt:
276 2473 307 2527 et
339 2467 504 2526 recentiore
538 2471 678 2528 memoria
709 2472 799 2532 iidem
835 2474 1030 2547 Tyndaridae

158 2569 270 2628 Persen
292 2567 406 2627 victum
429 2567 649 2628 nuntiaverunt.
689 2569 746 2630 ³P.
767 2572 847 2632 enim
875 2573 1032 2643 Velienus,

157 2685 232 2727 avus
253 2668 338 2742 hujus
352 2669 558 2738 adolescentis,
579 2686 647 2728 cum
670 2690 688 2729 e
708 2673 889 2746 praefectura
903 2672 1031 2730 Reatina

156 2767 282 2828 Romam
298 2766 433 2826 venienti
447 2773 535 2826 noctu
549 2770 607 2827 duc
620 2769 749 2844 juvenes
767 2787 835 2829 curn
849 2770 930 2846 equis
954 2771 1030 2829 albis

154 2868 308 2939 dixissent,
337 2867 453 2940 Regem
475 2867 584 2926 Persen
607 2863 660 2928 illo
683 2871 732 2927 die
757 2875 885 2943 captum,
913 2871 1030 2930 senatui

153 2967 313 3034 nuntiavit,
327 2971 356 3024 et
372 2965 472 3040 primo,
486 2968 567 3043 quasi
592 2971 702 3026 temere
722 2970 759 3027 de
780 2969 929 3043 republica
949 2973 1029 3030 locu-

154 3067 211 3132 tus,
226 3063 257 3121 in
271 3079 418 3122 carcerem
432 3067 585 3140 conjectus
599 3073 660 3124 est:
682 3073 756 3141 post,
770 3087 788 3127 a
803 3069 907 3128 Paullo
921 3070 1027 3130 litteris

154 3161 261 3229 allatis,
276 3179 343 3221 cum
357 3163 434 3222 idem
448 3165 511 3224 dies
525 3167 726 3240 constitisset3
748 3174 779 3227 et
792 3187 862 3245 agro
882 3188 899 3228 a
913 3175 1027 3240 senatu,

152 3267 186 3322 el
206 3261 363 3322 uacatione
383 3265 505 3322 donatus
520 3271 573 3326 est.
618 3269 715 3343 Atque
730 3270 819 3328 etiam
834 3287 901 3330 cum
916 3271 951 3328 ed
976 3269 1027 3331 du·

155 3361 238 3447 vium
269 3365 390 3438 Sagram
419 3364 604 3424 Crotoniatas
634 3369 722 3428 Locri
747 3372 876 3430 maximo
915 3371 1026 3446 proelio

154 3445 349 3533 devicissent,¹
367 3481 404 3522 ec
424 3463 487 3539 ipso
507 3466 555 3524 die
577 3467 707 3525 audilam
727 3487 791 3530 esee
813 3488 879 3534 cem
898 3489 1027 3551 pugnam

183 3615 238 3664 ³1³.
251 3616 359 3670 Votienus
367 3633 422 3670 auur
431 3619 502 3682 deum
510 3619 613 3684 adolere]
629 3635 651 3672 v.
662 3621 747 3673 claris
