<?xml version="1.0" encoding="UTF-8"?>
<!DOCTYPE html PUBLIC "-//W3C//DTD XHTML 1.0 Transitional//EN"
    "http://www.w3.org/TR/xhtml1/DTD/xhtml1-transitional.dtd">
<html xmlns="http://www.w3.org/1999/xhtml" xml:lang="en" lang="en">
 <head>
  <title>
</title>
<meta http-equiv="Content-Type" content="text/html;charset=utf-8" />
  <meta name='ocr-system' content='tesseract 3.04.00' />
  <meta name='ocr-capabilities' content='ocr_page ocr_carea ocr_par ocr_line ocrx_word'/>
</head>
<body>
  <div class='ocr_page' id='page_1' title='image "./mtvlliiciceroni11cicegoog/mtvlliiciceroni11cicegoog_0036.png"; bbox 0 0 3354 4234; ppageno 0'>
   <div class='ocr_carea' id='block_1_1' title="bbox 667 351 1225 420">
    <p class='ocr_par' dir='ltr' id='par_1_1' title="bbox 667 351 1225 420">
     <span class='ocr_line' id='line_1_1' title="bbox 667 351 1225 420; baseline -0.009 -14"><span class='ocrx_word' id='word_1_1' title='bbox 667 351 913 406; x_wconf 79' lang='lat' dir='ltr'><strong>uraanrrnnus.</strong></span> <span class='ocrx_word' id='word_1_2' title='bbox 1182 361 1225 420; x_wconf 73' lang='lat'><strong>25</strong></span> 
     </span>
    </p>
   </div>
   <div class='ocr_carea' id='block_1_2' title="bbox 348 502 1280 2265">
    <p class='ocr_par' dir='ltr' id='par_1_2' title="bbox 348 502 1280 2265">
     <span class='ocr_line' id='line_1_2' title="bbox 351 502 1228 583; baseline -0.007 -17"><span class='ocrx_word' id='word_1_3' title='bbox 351 523 469 583; x_wconf 71' lang='lat' dir='ltr'><strong>quoque</strong></span> <span class='ocrx_word' id='word_1_4' title='bbox 488 506 566 564; x_wconf 73' lang='lat' dir='ltr'><strong>illem</strong></span> <span class='ocrx_word' id='word_1_5' title='bbox 596 505 823 564; x_wconf 82' lang='lat' dir='ltr'><strong>existimandum</strong></span> <span class='ocrx_word' id='word_1_6' title='bbox 848 509 901 561; x_wconf 88' lang='lat' dir='ltr'><strong>est.</strong></span> <span class='ocrx_word' id='word_1_7' title='bbox 923 507 952 560; x_wconf 87' lang='lat' dir='ltr'><strong>et</strong></span> <span class='ocrx_word' id='word_1_8' title='bbox 976 502 1011 570; x_wconf 90' lang='lat' dir='ltr'><strong>si,</strong></span> <span class='ocrx_word' id='word_1_9' title='bbox 1035 519 1154 580; x_wconf 85' lang='lat' dir='ltr'><strong>quorum</strong></span> <span class='ocrx_word' id='word_1_10' title='bbox 1179 507 1228 560; x_wconf 89' lang='lat' dir='ltr'><strong>aut</strong></span> 
     </span>
     <span class='ocr_line' id='line_1_3' title="bbox 353 602 1228 680; baseline -0.008 -16"><span class='ocrx_word' id='word_1_11' title='bbox 353 602 486 680; x_wconf 85' lang='lat' dir='ltr'><strong>ingenio,</strong></span> <span class='ocrx_word' id='word_1_12' title='bbox 500 610 550 662; x_wconf 90' lang='lat' dir='ltr'><strong>ant</strong></span> <span class='ocrx_word' id='word_1_13' title='bbox 565 607 673 662; x_wconf 78' lang='lat' dir='ltr'><strong>virtute</strong></span> <span class='ocrx_word' id='word_1_14' title='bbox 687 605 799 662; x_wconf 85' lang='lat' dir='ltr'><strong>animus</strong></span> <span class='ocrx_word' id='word_1_15' title='bbox 821 603 952 669; x_wconf 81' lang='lat' dir='ltr'><strong>excellit,</strong></span> <span class='ocrx_word' id='word_1_16' title='bbox 975 621 1025 660; x_wconf 84' lang='lat' dir='ltr'><strong>eos</strong></span> <span class='ocrx_word' id='word_1_17' title='bbox 1048 603 1228 670; x_wconf 78' lang='lat' dir='ltr'><strong>arbitramur,</strong></span> 
     </span>
     <span class='ocr_line' id='line_1_4' title="bbox 356 703 1228 783; baseline -0.005 -19"><span class='ocrx_word' id='word_1_18' title='bbox 356 708 424 783; x_wconf 81' lang='lat' dir='ltr'><strong>quia</strong></span> <span class='ocrx_word' id='word_1_19' title='bbox 441 712 541 764; x_wconf 88' lang='lat' dir='ltr'><strong>natura</strong></span> <span class='ocrx_word' id='word_1_20' title='bbox 564 707 675 779; x_wconf 89' lang='lat' dir='ltr'><strong>optima</strong></span> <span class='ocrx_word' id='word_1_21' title='bbox 696 712 771 772; x_wconf 86' lang='lat' dir='ltr'><strong>sunt,</strong></span> <span class='ocrx_word' id='word_1_22' title='bbox 792 723 911 762; x_wconf 87' lang='lat' dir='ltr'><strong>cernere</strong></span> <span class='ocrx_word' id='word_1_23' title='bbox 933 708 1052 760; x_wconf 86' lang='lat' dir='ltr'><strong>naturae</strong></span> <span class='ocrx_word' id='word_1_24' title='bbox 1073 703 1134 760; x_wconf 92' lang='lat' dir='ltr'><strong>vim</strong></span> <span class='ocrx_word' id='word_1_25' title='bbox 1148 720 1228 760; x_wconf 84' lang='lat' dir='ltr'><strong>max·</strong></span> 
     </span>
     <span class='ocr_line' id='line_1_5' title="bbox 358 802 1228 878; baseline -0.006 -15"><span class='ocrx_word' id='word_1_26' title='bbox 358 806 429 864; x_wconf 90' lang='lat' dir='ltr'><strong>irne:</strong></span> <span class='ocrx_word' id='word_1_27' title='bbox 466 805 625 862; x_wconf 89' lang='lat' dir='ltr'><strong>verisimile</strong></span> <span class='ocrx_word' id='word_1_28' title='bbox 647 811 702 871; x_wconf 83' lang='lat' dir='ltr'><strong>est,</strong></span> <span class='ocrx_word' id='word_1_29' title='bbox 725 822 793 861; x_wconf 91' lang='lat' dir='ltr'><strong>curn</strong></span> <span class='ocrx_word' id='word_1_30' title='bbox 807 804 931 877; x_wconf 89' lang='lat' dir='ltr'><strong>optimus</strong></span> <span class='ocrx_word' id='word_1_31' title='bbox 953 803 1072 878; x_wconf 86' lang='lat' dir='ltr'><strong>quisque</strong></span> <span class='ocrx_word' id='word_1_32' title='bbox 1101 802 1228 858; x_wconf 83' lang='lat' dir='ltr'>maxime</span> 
     </span>
     <span class='ocr_line' id='line_1_6' title="bbox 355 901 1229 978; baseline -0.002 -18"><span class='ocrx_word' id='word_1_33' title='bbox 355 904 518 978; x_wconf 77' lang='lat' dir='ltr'><strong>posteritati</strong></span> <span class='ocrx_word' id='word_1_34' title='bbox 533 904 654 972; x_wconf 86' lang='lat' dir='ltr'><strong>serviat,</strong></span> <span class='ocrx_word' id='word_1_35' title='bbox 667 923 732 960; x_wconf 86' lang='lat' dir='ltr'><strong>esse</strong></span> <span class='ocrx_word' id='word_1_36' title='bbox 749 903 866 978; x_wconf 79' lang='lat' dir='ltr'><strong>aliquid,</strong></span> <span class='ocrx_word' id='word_1_37' title='bbox 887 902 969 978; x_wconf 87' lang='lat' dir='ltr'><strong>cujus</strong></span> <span class='ocrx_word' id='word_1_38' title='bbox 983 901 1008 958; x_wconf 83' lang='lat' dir='ltr'><strong>is</strong></span> <span class='ocrx_word' id='word_1_39' title='bbox 1022 907 1087 976; x_wconf 83' lang='lat' dir='ltr'><strong>post</strong></span> <span class='ocrx_word' id='word_1_40' title='bbox 1107 907 1229 958; x_wconf 87' lang='lat' dir='ltr'><strong>mortem</strong></span> 
     </span>
     <span class='ocr_line' id='line_1_7' title="bbox 353 1002 1243 1062; baseline 0.003 -3"><span class='ocrx_word' id='word_1_41' title='bbox 353 1019 472 1060; x_wconf 79' lang='lat' dir='ltr'><strong>sensum</strong></span> <span class='ocrx_word' id='word_1_42' title='bbox 487 1003 524 1059; x_wconf 85' lang='lat' dir='ltr'><strong>sit</strong></span> <span class='ocrx_word' id='word_1_43' title='bbox 539 1002 697 1059; x_wconf 76' lang='lat' dir='ltr'><strong>habiturus:</strong></span> <span class='ocrx_word' id='word_1_44' title='bbox 1240 1057 1243 1062; x_wconf 92' lang='lat'>.</span> 
     </span>
     <span class='ocr_line' id='line_1_8' title="bbox 397 1094 1280 1175; baseline -0.006 -17"><span class='ocrx_word' id='word_1_45' title='bbox 397 1103 456 1158; x_wconf 84' lang='lat' dir='ltr'><strong>Sed</strong></span> <span class='ocrx_word' id='word_1_46' title='bbox 472 1107 502 1158; x_wconf 91' lang='lat' dir='ltr'><strong>ut</strong></span> <span class='ocrx_word' id='word_1_47' title='bbox 523 1100 593 1158; x_wconf 81' lang='lat' dir='ltr'><strong>dens</strong></span> <span class='ocrx_word' id='word_1_48' title='bbox 615 1117 678 1157; x_wconf 82' lang='lat' dir='ltr'><strong>esse</strong></span> <span class='ocrx_word' id='word_1_49' title='bbox 694 1106 795 1158; x_wconf 88' lang='lat' dir='ltr'><strong>natura</strong></span> <span class='ocrx_word' id='word_1_50' title='bbox 809 1100 969 1172; x_wconf 79' lang='lat' dir='ltr'><strong>opinamur,</strong></span> <span class='ocrx_word' id='word_1_51' title='bbox 990 1101 1145 1175; x_wconf 77' lang='lat' dir='ltr'><strong>qualesque</strong></span> <span class='ocrx_word' id='word_1_52' title='bbox 1160 1094 1280 1167; x_wconf 79' lang='lat' dir='ltr'><strong>sinl,18</strong></span> 
     </span>
     <span class='ocr_line' id='line_1_9' title="bbox 355 1199 1228 1274; baseline -0.003 -16"><span class='ocrx_word' id='word_1_53' title='bbox 355 1199 468 1258; x_wconf 84' lang='lat' dir='ltr'><strong>ratione</strong></span> <span class='ocrx_word' id='word_1_54' title='bbox 481 1201 703 1274; x_wconf 69' lang='lat' dir='ltr'><strong>cognoscimus,</strong></span> <span class='ocrx_word' id='word_1_55' title='bbox 732 1201 775 1256; x_wconf 88' lang='lat' dir='ltr'><strong>sic</strong></span> <span class='ocrx_word' id='word_1_56' title='bbox 790 1217 959 1272; x_wconf 86' lang='lat' dir='ltr'><strong>permanere</strong></span> <span class='ocrx_word' id='word_1_57' title='bbox 984 1200 1096 1256; x_wconf 88' lang='lat' dir='ltr'><strong>animos</strong></span> <span class='ocrx_word' id='word_1_58' title='bbox 1110 1199 1228 1256; x_wconf 66' lang='lat' dir='ltr'><strong>arbitrab</strong></span> 
     </span>
     <span class='ocr_line' id='line_1_10' title="bbox 353 1298 1229 1372; baseline -0.003 -16"><span class='ocrx_word' id='word_1_59' title='bbox 353 1313 418 1356; x_wconf 88' lang='lat' dir='ltr'><strong>mur</strong></span> <span class='ocrx_word' id='word_1_60' title='bbox 431 1317 575 1357; x_wconf 85' lang='lat' dir='ltr'><strong>consensu</strong></span> <span class='ocrx_word' id='word_1_61' title='bbox 591 1301 740 1356; x_wconf 86' lang='lat' dir='ltr'><strong>nationum</strong></span> <span class='ocrx_word' id='word_1_62' title='bbox 755 1299 903 1356; x_wconf 87' lang='lat' dir='ltr'><strong>omnium:</strong></span> <span class='ocrx_word' id='word_1_63' title='bbox 925 1315 981 1372; x_wconf 91' lang='lat' dir='ltr'><strong>qua</strong></span> <span class='ocrx_word' id='word_1_64' title='bbox 994 1298 1025 1354; x_wconf 94' lang='lat' dir='ltr'><strong>iu</strong></span> <span class='ocrx_word' id='word_1_65' title='bbox 1040 1299 1109 1353; x_wconf 89' lang='lat' dir='ltr'><strong>sede</strong></span> <span class='ocrx_word' id='word_1_66' title='bbox 1131 1315 1229 1354; x_wconf 87' lang='lat' dir='ltr'><strong>muue-</strong></span> 
     </span>
     <span class='ocr_line' id='line_1_11' title="bbox 353 1397 1228 1474; baseline -0.003 -19"><span class='ocrx_word' id='word_1_67' title='bbox 353 1405 414 1465; x_wconf 80' lang='lat' dir='ltr'><strong>ant,</strong></span> <span class='ocrx_word' id='word_1_68' title='bbox 443 1401 603 1474; x_wconf 84' lang='lat' dir='ltr'><strong>qualesque</strong></span> <span class='ocrx_word' id='word_1_69' title='bbox 631 1399 700 1465; x_wconf 88' lang='lat' dir='ltr'><strong>sint,</strong></span> <span class='ocrx_word' id='word_1_70' title='bbox 727 1398 838 1455; x_wconf 87' lang='lat' dir='ltr'><strong>ratione</strong></span> <span class='ocrx_word' id='word_1_71' title='bbox 866 1398 1036 1454; x_wconf 82' lang='lat' dir='ltr'><strong>discendum</strong></span> <span class='ocrx_word' id='word_1_72' title='bbox 1063 1401 1116 1452; x_wconf 87' lang='lat' dir='ltr'><strong>est.</strong></span> <span class='ocrx_word' id='word_1_73' title='bbox 1144 1397 1228 1468; x_wconf 82' lang='lat' dir='ltr'><strong>cujus</strong></span> 
     </span>
     <span class='ocr_line' id='line_1_12' title="bbox 352 1495 1228 1570; baseline 0.005 -20"><span class='ocrx_word' id='word_1_74' title='bbox 352 1495 498 1568; x_wconf 87' lang='lat' dir='ltr'><strong>ignoratio</strong></span> <span class='ocrx_word' id='word_1_75' title='bbox 521 1497 610 1552; x_wconf 84' lang='lat' dir='ltr'><strong>tinnit</strong></span> <span class='ocrx_word' id='word_1_76' title='bbox 633 1497 749 1562; x_wconf 81' lang='lat' dir='ltr'><strong>interos,</strong></span> <span class='ocrx_word' id='word_1_77' title='bbox 771 1515 875 1570; x_wconf 84' lang='lat' dir='ltr'><strong>easque</strong></span> <span class='ocrx_word' id='word_1_78' title='bbox 897 1495 1077 1562; x_wconf 81' lang='lat' dir='ltr'><strong>tormirlines,</strong></span> <span class='ocrx_word' id='word_1_79' title='bbox 1101 1512 1172 1568; x_wconf 88' lang='lat' dir='ltr'><strong>quas</strong></span> <span class='ocrx_word' id='word_1_80' title='bbox 1197 1501 1228 1554; x_wconf 81' lang='lat' dir='ltr'><strong>tu</strong></span> 
     </span>
     <span class='ocr_line' id='line_1_13' title="bbox 351 1595 1235 1653; baseline 0.001 -2"><span class='ocrx_word' id='word_1_81' title='bbox 351 1603 543 1651; x_wconf 84' lang='lat' dir='ltr'><strong>contemnere</strong></span> <span class='ocrx_word' id='word_1_82' title='bbox 558 1611 616 1650; x_wconf 90' lang='lat' dir='ltr'><strong>uon</strong></span> <span class='ocrx_word' id='word_1_83' title='bbox 638 1596 702 1651; x_wconf 80' lang='lat' dir='ltr'><strong>eine</strong></span> <span class='ocrx_word' id='word_1_84' title='bbox 717 1609 805 1651; x_wconf 84' lang='lat' dir='ltr'><strong>causa</strong></span> <span class='ocrx_word' id='word_1_85' title='bbox 820 1595 966 1650; x_wconf 88' lang='lat' dir='ltr'><strong>videbare.</strong></span> <span class='ocrx_word' id='word_1_86' title='bbox 982 1597 1013 1651; x_wconf 92' lang='lat' dir='ltr'><strong>iu</strong></span> <span class='ocrx_word' id='word_1_87' title='bbox 1028 1602 1131 1651; x_wconf 83' lang='lat' dir='ltr'><strong>terram</strong></span> <span class='ocrx_word' id='word_1_88' title='bbox 1146 1596 1235 1653; x_wconf 74' lang='lat' dir='ltr'><strong>eninr</strong></span> 
     </span>
     <span class='ocr_line' id='line_1_14' title="bbox 354 1691 1226 1770; baseline 0 -20"><span class='ocrx_word' id='word_1_89' title='bbox 354 1691 528 1750; x_wconf 85' lang='lat' dir='ltr'><strong>cadentibus</strong></span> <span class='ocrx_word' id='word_1_90' title='bbox 542 1693 719 1764; x_wconf 84' lang='lat' dir='ltr'><strong>corporibus,</strong></span> <span class='ocrx_word' id='word_1_91' title='bbox 733 1693 835 1770; x_wconf 86' lang='lat' dir='ltr'><strong>hisque</strong></span> <span class='ocrx_word' id='word_1_92' title='bbox 850 1694 937 1749; x_wconf 89' lang='lat' dir='ltr'><strong>humo</strong></span> <span class='ocrx_word' id='word_1_93' title='bbox 956 1693 1050 1760; x_wconf 87' lang='lat' dir='ltr'><strong>tectis,</strong></span> <span class='ocrx_word' id='word_1_94' title='bbox 1065 1712 1082 1750; x_wconf 90' lang='lat' dir='ltr'><strong>e</strong></span> <span class='ocrx_word' id='word_1_95' title='bbox 1096 1710 1152 1764; x_wconf 91' lang='lat' dir='ltr'><strong>quo</strong></span> <span class='ocrx_word' id='word_1_96' title='bbox 1166 1695 1226 1750; x_wconf 84' lang='lat' dir='ltr'><strong>dic-</strong></span> 
     </span>
     <span class='ocr_line' id='line_1_15' title="bbox 351 1791 1224 1867; baseline 0.001 -19"><span class='ocrx_word' id='word_1_97' title='bbox 351 1795 412 1848; x_wconf 89' lang='lat' dir='ltr'><strong>tum</strong></span> <span class='ocrx_word' id='word_1_98' title='bbox 431 1798 475 1848; x_wconf 88' lang='lat' dir='ltr'><strong>est</strong></span> <span class='ocrx_word' id='word_1_99' title='bbox 498 1791 619 1857; x_wconf 86' lang='lat' dir='ltr'><strong>humari,</strong></span> <span class='ocrx_word' id='word_1_100' title='bbox 633 1795 772 1849; x_wconf 85' lang='lat' dir='ltr'><strong>subterra</strong></span> <span class='ocrx_word' id='word_1_101' title='bbox 791 1793 952 1850; x_wconf 75' lang='lat' dir='ltr'><strong>censebant</strong></span> <span class='ocrx_word' id='word_1_102' title='bbox 966 1793 1105 1867; x_wconf 85' lang='lat' dir='ltr'><strong>reliquam</strong></span> <span class='ocrx_word' id='word_1_103' title='bbox 1130 1791 1224 1850; x_wconf 83' lang='lat' dir='ltr'><strong>vitam</strong></span> 
     </span>
     <span class='ocr_line' id='line_1_16' title="bbox 352 1891 1225 1966; baseline 0 -18"><span class='ocrx_word' id='word_1_104' title='bbox 352 1891 401 1964; x_wconf 86' lang='lat' dir='ltr'><strong>agi</strong></span> <span class='ocrx_word' id='word_1_105' title='bbox 416 1898 600 1950; x_wconf 87' lang='lat' dir='ltr'><strong>mortuorum.</strong></span> <span class='ocrx_word' id='word_1_106' title='bbox 613 1907 697 1966; x_wconf 88' lang='lat' dir='ltr'><strong>quam</strong></span> <span class='ocrx_word' id='word_1_107' title='bbox 709 1908 807 1949; x_wconf 89' lang='lat' dir='ltr'><strong>eorum</strong></span> <span class='ocrx_word' id='word_1_108' title='bbox 821 1891 988 1964; x_wconf 85' lang='lat' dir='ltr'><strong>opinionem</strong></span> <span class='ocrx_word' id='word_1_109' title='bbox 1003 1891 1101 1965; x_wconf 86' lang='lat' dir='ltr'><strong>magni</strong></span> <span class='ocrx_word' id='word_1_110' title='bbox 1115 1909 1225 1948; x_wconf 84' lang='lat' dir='ltr'><strong>errores</strong></span> 
     </span>
     <span class='ocr_line' id='line_1_17' title="bbox 349 1989 1223 2066; baseline -0.001 -19"><span class='ocrx_word' id='word_1_111' title='bbox 349 1991 500 2048; x_wconf 82' lang='lat' dir='ltr'><strong>consecuti</strong></span> <span class='ocrx_word' id='word_1_112' title='bbox 528 1998 614 2048; x_wconf 85' lang='lat' dir='ltr'><strong>aunt:</strong></span> <span class='ocrx_word' id='word_1_113' title='bbox 646 2009 715 2066; x_wconf 88' lang='lat' dir='ltr'><strong>quos</strong></span> <span class='ocrx_word' id='word_1_114' title='bbox 743 1996 887 2048; x_wconf 79' lang='lat' dir='ltr'><strong>auserunt</strong></span> <span class='ocrx_word' id='word_1_115' title='bbox 915 1989 1029 2064; x_wconf 86' lang='lat' dir='ltr'><strong>po&#39;e&#39;tae.</strong></span> <span class='ocrx_word' id='word_1_116' title='bbox 1072 1991 1223 2064; x_wconf 79' lang='lat' dir='ltr'><strong>Frequens</strong></span> 
     </span>
     <span class='ocr_line' id='line_1_18' title="bbox 348 2088 1223 2166; baseline 0.001 -20"><span class='ocrx_word' id='word_1_117' title='bbox 348 2090 429 2146; x_wconf 88' lang='lat' dir='ltr'><strong>euim</strong></span> <span class='ocrx_word' id='word_1_118' title='bbox 450 2093 603 2147; x_wconf 84' lang='lat' dir='ltr'><strong>consessus</strong></span> <span class='ocrx_word' id='word_1_119' title='bbox 621 2091 739 2157; x_wconf 86' lang='lat' dir='ltr'><strong>theatri,</strong></span> <span class='ocrx_word' id='word_1_120' title='bbox 753 2091 785 2148; x_wconf 92' lang='lat' dir='ltr'><strong>in</strong></span> <span class='ocrx_word' id='word_1_121' title='bbox 807 2108 864 2166; x_wconf 92' lang='lat' dir='ltr'><strong>quo</strong></span> <span class='ocrx_word' id='word_1_122' title='bbox 886 2095 952 2147; x_wconf 83' lang='lat' dir='ltr'><strong>sunt</strong></span> <span class='ocrx_word' id='word_1_123' title='bbox 972 2088 1170 2158; x_wconf 79' lang='lat' dir='ltr'><strong>mulierculae,</strong></span> <span class='ocrx_word' id='word_1_124' title='bbox 1192 2093 1223 2147; x_wconf 85' lang='lat' dir='ltr'><strong>et</strong></span> 
     </span>
     <span class='ocr_line' id='line_1_19' title="bbox 348 2189 1072 2265; baseline -0.004 -19"><span class='ocrx_word' id='word_1_125' title='bbox 348 2189 440 2262; x_wconf 85' lang='lat' dir='ltr'><strong>pueri,</strong></span> <span class='ocrx_word' id='word_1_126' title='bbox 455 2197 588 2247; x_wconf 89' lang='lat' dir='ltr'><strong>movetur</strong></span> <span class='ocrx_word' id='word_1_127' title='bbox 602 2191 723 2247; x_wconf 83' lang='lat' dir='ltr'><strong>audiens</strong></span> <span class='ocrx_word' id='word_1_128' title='bbox 738 2196 796 2247; x_wconf 84' lang='lat' dir='ltr'><strong>tam</strong></span> <span class='ocrx_word' id='word_1_129' title='bbox 810 2191 920 2265; x_wconf 85' lang='lat' dir='ltr'><strong>grande</strong></span> <span class='ocrx_word' id='word_1_130' title='bbox 934 2206 1072 2246; x_wconf 83' lang='lat' dir='ltr'><strong>carmen:</strong></span> 
     </span>
    </p>
   </div>
   <div class='ocr_carea' id='block_1_3' title="bbox 404 2343 1167 2564">
    <p class='ocr_par' dir='ltr' id='par_1_3' title="bbox 404 2343 1167 2564">
     <span class='ocr_line' id='line_1_20' title="bbox 406 2343 1167 2408; baseline -0.003 -16"><span class='ocrx_word' id='word_1_131' title='bbox 406 2344 502 2402; x_wconf 73' lang='lat' dir='ltr'><strong>Adrum,</strong></span> <span class='ocrx_word' id='word_1_132' title='bbox 513 2350 583 2408; x_wconf 85' lang='lat' dir='ltr'><strong>atque</strong></span> <span class='ocrx_word' id='word_1_133' title='bbox 593 2345 689 2391; x_wconf 79' lang='lat' dir='ltr'><strong>advenio</strong></span> <span class='ocrx_word' id='word_1_134' title='bbox 701 2345 837 2401; x_wconf 80' lang='lat' dir='ltr'><strong>Acherunte,</strong></span> <span class='ocrx_word' id='word_1_135' title='bbox 847 2344 890 2402; x_wconf 82' lang='lat' dir='ltr'><strong>rix,</strong></span> <span class='ocrx_word' id='word_1_136' title='bbox 900 2344 938 2390; x_wconf 82' lang='lat' dir='ltr'><strong>ria</strong></span> <span class='ocrx_word' id='word_1_137' title='bbox 947 2345 1003 2402; x_wconf 86' lang='lat' dir='ltr'><strong>alla,</strong></span> <span class='ocrx_word' id='word_1_138' title='bbox 1012 2348 1080 2406; x_wconf 81' lang='lat' dir='ltr'><strong>atque</strong></span> <span class='ocrx_word' id='word_1_139' title='bbox 1089 2343 1167 2404; x_wconf 73' lang='lat' dir='ltr'><strong>ardua,</strong></span> 
     </span>
     <span class='ocr_line' id='line_1_21' title="bbox 406 2421 1012 2485; baseline 0.003 -17"><span class='ocrx_word' id='word_1_140' title='bbox 406 2421 451 2468; x_wconf 84' lang='lat' dir='ltr'><strong>l&#39;er</strong></span> <span class='ocrx_word' id='word_1_141' title='bbox 461 2424 576 2484; x_wconf 84' lang='lat' dir='ltr'><strong>speluncas</strong></span> <span class='ocrx_word' id='word_1_142' title='bbox 585 2423 641 2470; x_wconf 81' lang='lat' dir='ltr'><strong>saxis</strong></span> <span class='ocrx_word' id='word_1_143' title='bbox 652 2429 748 2470; x_wconf 84' lang='lat' dir='ltr'><strong>structas</strong></span> <span class='ocrx_word' id='word_1_144' title='bbox 758 2425 848 2485; x_wconf 78' lang='lat' dir='ltr'><strong>asperis,</strong></span> <span class='ocrx_word' id='word_1_145' title='bbox 858 2423 1012 2485; x_wconf 86' lang='lat' dir='ltr'><strong>pendentibus,</strong></span> 
     </span>
     <span class='ocr_line' id='line_1_22' title="bbox 404 2499 1109 2564; baseline 0.007 -17"><span class='ocrx_word' id='word_1_146' title='bbox 404 2499 528 2548; x_wconf 79' lang='lat' dir='ltr'><strong>Maximis:</strong></span> <span class='ocrx_word' id='word_1_147' title='bbox 545 2503 582 2548; x_wconf 86' lang='lat' dir='ltr'><strong>ubi</strong></span> <span class='ocrx_word' id='word_1_148' title='bbox 593 2503 619 2536; x_wconf 59' lang='grc' dir='ltr'><strong>Μ</strong></span> <span class='ocrx_word' id='word_1_149' title='bbox 628 2503 699 2562; x_wconf 75' lang='lat' dir='ltr'><strong>rigida</strong></span> <span class='ocrx_word' id='word_1_150' title='bbox 709 2509 797 2550; x_wconf 87' lang='lat' dir='ltr'><strong>constat</strong></span> <span class='ocrx_word' id='word_1_151' title='bbox 806 2517 878 2550; x_wconf 81' lang='lat' dir='ltr'><strong>crassa</strong></span> <span class='ocrx_word' id='word_1_152' title='bbox 887 2504 961 2564; x_wconf 75' lang='lat' dir='ltr'><strong>caligo</strong></span> <span class='ocrx_word' id='word_1_153' title='bbox 968 2503 1071 2552; x_wconf 63' lang='lat' dir='ltr'><strong>inferum.</strong></span> <span class='ocrx_word' id='word_1_154' title='bbox 1093 2499 1109 2506; x_wconf 40' lang='lat'>⁵</span> 
     </span>
    </p>
   </div>
   <div class='ocr_carea' id='block_1_4' title="bbox 342 2640 1218 3217">
    <p class='ocr_par' dir='ltr' id='par_1_4' title="bbox 342 2640 1218 3217">
     <span class='ocr_line' id='line_1_23' title="bbox 345 2640 1218 2719; baseline 0.006 -22"><span class='ocrx_word' id='word_1_155' title='bbox 345 2643 515 2716; x_wconf 88' lang='lat' dir='ltr'><strong>tantumque</strong></span> <span class='ocrx_word' id='word_1_156' title='bbox 530 2641 621 2700; x_wconf 88' lang='lat' dir='ltr'><strong>valuit</strong></span> <span class='ocrx_word' id='word_1_157' title='bbox 636 2661 721 2712; x_wconf 90' lang='lat' dir='ltr'><strong>error,</strong></span> <span class='ocrx_word' id='word_1_158' title='bbox 740 2640 822 2719; x_wconf 68' lang='lat' dir='ltr'><strong>⁸&#39;qui</strong></span> <span class='ocrx_word' id='word_1_159' title='bbox 843 2644 915 2701; x_wconf 91' lang='lat' dir='ltr'><strong>mihi</strong></span> <span class='ocrx_word' id='word_1_160' title='bbox 935 2644 1052 2719; x_wconf 85' lang='lat' dir='ltr'><strong>quidem</strong></span> <span class='ocrx_word' id='word_1_161' title='bbox 1069 2643 1134 2718; x_wconf 86' lang='lat' dir='ltr'><strong>jam</strong></span> <span class='ocrx_word' id='word_1_162' title='bbox 1154 2645 1218 2702; x_wconf 84' lang='lat' dir='ltr'><strong>sub·</strong></span> 
     </span>
     <span class='ocr_line' id='line_1_24' title="bbox 345 2739 1218 2815; baseline 0.008 -19"><span class='ocrx_word' id='word_1_163' title='bbox 345 2739 421 2796; x_wconf 88' lang='lat' dir='ltr'><strong>latus</strong></span> <span class='ocrx_word' id='word_1_164' title='bbox 437 2743 560 2808; x_wconf 85' lang='lat' dir='ltr'><strong>videtur,</strong></span> <span class='ocrx_word' id='word_1_165' title='bbox 574 2749 614 2808; x_wconf 87' lang='lat' dir='ltr'><strong>ut,</strong></span> <span class='ocrx_word' id='word_1_166' title='bbox 628 2759 749 2815; x_wconf 86' lang='lat' dir='ltr'><strong>corpora</strong></span> <span class='ocrx_word' id='word_1_167' title='bbox 762 2750 971 2800; x_wconf 76' lang='lat' dir='ltr'><strong>crematarum</strong></span> <span class='ocrx_word' id='word_1_168' title='bbox 986 2745 1104 2810; x_wconf 85' lang='lat' dir='ltr'><strong>scirent,</strong></span> <span class='ocrx_word' id='word_1_169' title='bbox 1118 2747 1218 2804; x_wconf 85' lang='lat' dir='ltr'><strong>tamen</strong></span> 
     </span>
     <span class='ocr_line' id='line_1_25' title="bbox 345 2839 1216 2916; baseline 0.008 -23"><span class='ocrx_word' id='word_1_170' title='bbox 345 2855 382 2894; x_wconf 82' lang='lat' dir='ltr'><strong>ea</strong></span> <span class='ocrx_word' id='word_1_171' title='bbox 397 2839 457 2894; x_wconf 87' lang='lat' dir='ltr'><strong>fieri</strong></span> <span class='ocrx_word' id='word_1_172' title='bbox 476 2841 551 2909; x_wconf 84' lang='lat' dir='ltr'><strong>apud</strong></span> <span class='ocrx_word' id='word_1_173' title='bbox 572 2841 854 2914; x_wconf 77' lang='lat' dir='ltr'><strong>inlerustirrgerent,</strong></span> <span class='ocrx_word' id='word_1_174' title='bbox 874 2843 1027 2916; x_wconf 79' lang='lat' dir='ltr'><strong>quaeriue</strong></span> <span class='ocrx_word' id='word_1_175' title='bbox 1050 2844 1216 2911; x_wconf 83' lang='lat' dir='ltr'><strong>corporibus</strong></span> 
     </span>
     <span class='ocr_line' id='line_1_26' title="bbox 343 2933 1215 3016; baseline 0.008 -23"><span class='ocrx_word' id='word_1_176' title='bbox 343 2933 429 2994; x_wconf 78' lang='lat' dir='ltr'><strong>⁶³uec</strong></span> <span class='ocrx_word' id='word_1_177' title='bbox 444 2937 505 2994; x_wconf 89' lang='lat' dir='ltr'><strong>lieri</strong></span> <span class='ocrx_word' id='word_1_178' title='bbox 520 2945 647 3010; x_wconf 87' lang='lat' dir='ltr'><strong>possent,</strong></span> <span class='ocrx_word' id='word_1_179' title='bbox 670 2957 725 2996; x_wconf 89' lang='lat' dir='ltr'><strong>neo</strong></span> <span class='ocrx_word' id='word_1_180' title='bbox 745 2939 879 3016; x_wconf 82' lang='lat' dir='ltr'><strong>intelligi.</strong></span> <span class='ocrx_word' id='word_1_181' title='bbox 894 2940 1005 2998; x_wconf 88' lang='lat' dir='ltr'><strong>animos</strong></span> <span class='ocrx_word' id='word_1_182' title='bbox 1020 2939 1098 2997; x_wconf 89' lang='lat' dir='ltr'><strong>enim</strong></span> <span class='ocrx_word' id='word_1_183' title='bbox 1113 2959 1164 3014; x_wconf 92' lang='lat' dir='ltr'><strong>per</strong></span> <span class='ocrx_word' id='word_1_184' title='bbox 1182 2959 1215 3000; x_wconf 85' lang='lat' dir='ltr'><strong>se</strong></span> 
     </span>
     <span class='ocr_line' id='line_1_27' title="bbox 342 3035 1216 3114; baseline 0.007 -21"><span class='ocrx_word' id='word_1_185' title='bbox 342 3035 421 3109; x_wconf 84' lang='lat' dir='ltr'><strong>ipsos</strong></span> <span class='ocrx_word' id='word_1_186' title='bbox 447 3037 583 3096; x_wconf 80' lang='lat' dir='ltr'><strong>viventes</strong></span> <span class='ocrx_word' id='word_1_187' title='bbox 605 3057 663 3097; x_wconf 90' lang='lat' dir='ltr'><strong>uon</strong></span> <span class='ocrx_word' id='word_1_188' title='bbox 688 3045 821 3114; x_wconf 88' lang='lat' dir='ltr'><strong>poterant</strong></span> <span class='ocrx_word' id='word_1_189' title='bbox 841 3047 939 3100; x_wconf 87' lang='lat' dir='ltr'><strong>mente</strong></span> <span class='ocrx_word' id='word_1_190' title='bbox 964 3040 1140 3113; x_wconf 65' lang='lat' dir='ltr'><strong>complectit</strong></span> <span class='ocrx_word' id='word_1_191' title='bbox 1161 3040 1216 3099; x_wconf 63' lang='lat' dir='ltr'><strong>lor*</strong></span> 
     </span>
     <span class='ocr_line' id='line_1_28' title="bbox 342 3137 1214 3217; baseline 0.005 -25"><span class='ocrx_word' id='word_1_192' title='bbox 342 3151 420 3192; x_wconf 88' lang='lat' dir='ltr'><strong>maur</strong></span> <span class='ocrx_word' id='word_1_193' title='bbox 440 3137 567 3212; x_wconf 83' lang='lat' dir='ltr'><strong>aliquam</strong></span> <span class='ocrx_word' id='word_1_194' title='bbox 588 3139 764 3217; x_wconf 78' lang='lat' dir='ltr'><strong>ligurumque</strong></span> <span class='ocrx_word' id='word_1_195' title='bbox 791 3143 978 3217; x_wconf 85' lang='lat' dir='ltr'><strong>quaerebant.</strong></span> <span class='ocrx_word' id='word_1_196' title='bbox 999 3140 1068 3197; x_wconf 85' lang='lat' dir='ltr'><strong>iuda</strong></span> <span class='ocrx_word' id='word_1_197' title='bbox 1093 3137 1214 3196; x_wconf 87' lang='lat' dir='ltr'><strong>Homeri</strong></span> 
     </span>
    </p>
   </div>
   <div class='ocr_carea' id='block_1_5' title="bbox 340 3287 1251 3416">
    <p class='ocr_par' dir='ltr' id='par_1_5' title="bbox 340 3287 1251 3416">
     <span class='ocr_line' id='line_1_29' title="bbox 366 3287 1213 3356; baseline -0.009 -7"><span class='ocrx_word' id='word_1_198' title='bbox 366 3287 392 3321; x_wconf 77' lang='lat'><strong>‘⁸¹</strong></span> <span class='ocrx_word' id='word_1_199' title='bbox 407 3288 483 3348; x_wconf 56' lang='grc' dir='ltr'><strong>ἥῑῑᾰᾱ</strong></span> <span class='ocrx_word' id='word_1_200' title='bbox 493 3297 575 3341; x_wconf 69' lang='lat' dir='ltr'><strong>amur</strong></span> <span class='ocrx_word' id='word_1_201' title='bbox 585 3307 657 3341; x_wconf 83' lang='lat' dir='ltr'><strong>crum</strong></span> <span class='ocrx_word' id='word_1_202' title='bbox 673 3309 689 3338; x_wconf 81' lang='lat' dir='ltr'><strong>r.</strong></span> <span class='ocrx_word' id='word_1_203' title='bbox 707 3293 735 3356; x_wconf 73' lang='lat' dir='ltr'><strong>l]</strong></span> <span class='ocrx_word' id='word_1_204' title='bbox 755 3294 893 3342; x_wconf 79' lang='lat' dir='ltr'><strong>cumtrlrine</strong></span> <span class='ocrx_word' id='word_1_205' title='bbox 908 3295 975 3343; x_wconf 87' lang='lat' dir='ltr'><strong>dubio</strong></span> <span class='ocrx_word' id='word_1_206' title='bbox 985 3294 1089 3342; x_wconf 83' lang='lat' dir='ltr'><strong>vitiosum</strong></span> <span class='ocrx_word' id='word_1_207' title='bbox 1098 3299 1139 3340; x_wconf 78' lang='lat' dir='ltr'><strong>eu.</strong></span> <span class='ocrx_word' id='word_1_208' title='bbox 1151 3296 1213 3341; x_wconf 83' lang='lat' dir='ltr'><strong>leuc·</strong></span> 
     </span>
     <span class='ocr_line' id='line_1_30' title="bbox 340 3347 1251 3416; baseline 0.002 -21"><span class='ocrx_word' id='word_1_209' title='bbox 340 3347 395 3395; x_wconf 85' lang='lat' dir='ltr'><strong>brae</strong></span> <span class='ocrx_word' id='word_1_210' title='bbox 404 3347 581 3410; x_wconf 83' lang='lat' dir='ltr'><strong>dicrrnturrtore,</strong></span> <span class='ocrx_word' id='word_1_211' title='bbox 592 3357 745 3400; x_wconf 77' lang='lat' dir='ltr'><strong>nonmnrtnrs.</strong></span> <span class='ocrx_word' id='word_1_212' title='bbox 763 3354 1026 3416; x_wconf 78' lang='lat' dir='ltr'><strong>itaquecondelendum.</strong></span> <span class='ocrx_word' id='word_1_213' title='bbox 1247 3377 1251 3383; x_wconf 61' lang='lat'><strong>·=</strong></span> 
     </span>
    </p>
   </div>
   <div class='ocr_carea' id='block_1_6' title="bbox 340 3421 1211 3551">
    <p class='ocr_par' dir='ltr' id='par_1_6' title="bbox 340 3421 1211 3551">
     <span class='ocr_line' id='line_1_31' title="bbox 363 3421 1211 3500; baseline -0.006 -15"><span class='ocrx_word' id='word_1_214' title='bbox 363 3421 393 3496; x_wconf 52' lang='lat'><strong>¹⁸²,</strong></span> <span class='ocrx_word' id='word_1_215' title='bbox 405 3428 467 3485; x_wconf 77' lang='lat' dir='ltr'><strong>pn·-</strong></span> <span class='ocrx_word' id='word_1_216' title='bbox 501 3429 552 3500; x_wconf 55' lang='lat' dir='ltr'><strong>iarn</strong></span> <span class='ocrx_word' id='word_1_217' title='bbox 570 3431 671 3480; x_wconf 68' lang='lat' dir='ltr'><strong>raihtos</strong></span> <span class='ocrx_word' id='word_1_218' title='bbox 691 3431 790 3494; x_wconf 63' lang='lat' dir='ltr'><strong>muctar]</strong></span> <span class='ocrx_word' id='word_1_219' title='bbox 808 3432 878 3480; x_wconf 90' lang='lat' dir='ltr'><strong>immo</strong></span> <span class='ocrx_word' id='word_1_220' title='bbox 896 3433 1021 3496; x_wconf 57' lang='lat' dir='ltr'><strong>adulatur,</strong></span> <span class='ocrx_word' id='word_1_221' title='bbox 1031 3433 1090 3496; x_wconf 85' lang='lat' dir='ltr'><strong>quod</strong></span> <span class='ocrx_word' id='word_1_222' title='bbox 1100 3421 1211 3482; x_wconf 73' lang='lat' dir='ltr'><strong>morentii</strong></span> 
     </span>
     <span class='ocr_line' id='line_1_32' title="bbox 340 3485 550 3551; baseline -0.014 -14"><span class='ocrx_word' id='word_1_223' title='bbox 340 3485 419 3530; x_wconf 81' lang='lat' dir='ltr'><strong>melun</strong></span> <span class='ocrx_word' id='word_1_224' title='bbox 429 3506 461 3551; x_wconf 76' lang='lat' dir='ltr'><strong>op</strong></span> <span class='ocrx_word' id='word_1_225' title='bbox 472 3489 550 3534; x_wconf 64' lang='lat' dir='ltr'><strong>nutura.</strong></span> 
     </span>
    </p>
   </div>
   <div class='ocr_carea' id='block_1_7' title="bbox 265 3567 881 3714">
    <p class='ocr_par' dir='ltr' id='par_1_7' title="bbox 265 3567 881 3714">
     <span class='ocr_line' id='line_1_33' title="bbox 369 3567 881 3637; baseline 0.027 -23"><span class='ocrx_word' id='word_1_226' title='bbox 369 3567 393 3600; x_wconf 73' lang='lat'><strong>⁶³</strong></span> <span class='ocrx_word' id='word_1_227' title='bbox 407 3584 446 3616; x_wconf 79' lang='lat' dir='ltr'><strong>nar</strong></span> <span class='ocrx_word' id='word_1_228' title='bbox 455 3571 515 3630; x_wconf 76' lang='lat' dir='ltr'><strong>fieri</strong></span> <span class='ocrx_word' id='word_1_229' title='bbox 522 3575 627 3637; x_wconf 54' lang='lat' dir='ltr'><strong>porram]</strong></span> <span class='ocrx_word' id='word_1_230' title='bbox 659 3573 705 3624; x_wconf 80' lang='lat' dir='ltr'><strong>Ser.</strong></span> <span class='ocrx_word' id='word_1_231' title='bbox 718 3577 777 3622; x_wconf 88' lang='lat' dir='ltr'><strong>lortc</strong></span> <span class='ocrx_word' id='word_1_232' title='bbox 785 3581 881 3634; x_wconf 70' lang='lat' dir='ltr'><strong>posnani.</strong></span> 
     </span>
     <span class='ocr_line' id='line_1_34' title="bbox 265 3661 774 3714; baseline 0.012 -6"><span class='ocrx_word' id='word_1_233' title='bbox 265 3670 289 3693; x_wconf 50' lang='grc' dir='ltr'><em>κ</em></span> <span class='ocrx_word' id='word_1_234' title='bbox 382 3663 452 3710; x_wconf 74' lang='lat' dir='ltr'><strong>rou.</strong></span> <span class='ocrx_word' id='word_1_235' title='bbox 467 3671 517 3712; x_wconf 82' lang='lat' dir='ltr'><strong>xr.</strong></span> <span class='ocrx_word' id='word_1_236' title='bbox 756 3661 774 3714; x_wconf 76' lang='grc'>3</span> 
     </span>
    </p>
   </div>
   <div class='ocr_carea' id='block_1_8' title="bbox 0 0 1682 4234">
    <p class='ocr_par' dir='ltr' id='par_1_8' title="bbox 0 0 1682 4234">
     <span class='ocr_line' id='line_1_35' title="bbox 0 0 1682 4234; baseline 0 9"><span class='ocrx_word' id='word_1_237' title='bbox 0 0 1682 4234; x_wconf 95' lang='lat' dir='ltr'><strong> </strong></span> 
     </span>
    </p>
   </div>
  </div>
 </body>
</html>
