2552 4208
193 131 211 168 l

229 295 292 356 1121
447 288 580 338 roscun
597 287 839 344 orimnorum

136 514 143 522 ,
226 439 357 500 'nullam
366 437 545 496 eminentem
565 437 692 514 effigiem
706 431 859 516 [virtutin]
874 436 928 496 sed
945 437 1099 504 adomim.

225 545 286 599 tam
300 539 457 613 imaginem
470 539 589 613 gloriae.
610 544 655 596 est
673 538 753 595 enirn
767 539 869 610 glorta,
889 537 986 596 solida
1010 557 1098 616 quae

225 641 293 698 dam
308 656 353 696 res
372 645 403 696 et
416 655 563 712 expressa,
578 654 636 695 non
657 638 836 694 adumbrata.
861 654 898 694 ea
914 643 960 696 est
974 657 1096 700 consen·

226 738 303 798 tiens
315 740 376 802 laus
390 739 539 804 bonorum,
553 736 719 808 incorrupta
734 752 792 792 vox
807 736 883 793 bene
899 734 1098 810 judicantium

225 837 263 895 de
285 839 453 894 excellente
467 836 584 893 virtute.
599 853 635 892 ea
655 834 757 892 virtuti
777 833 797 866 ¹⁰
811 841 934 906 resonat,
949 842 1096 912 tamqnam

224 934 331 1011 imago.
352 953 426 1010 quae
450 935 517 1011 quia
541 940 620 992 recte
641 933 783 992 lectorum
805 936 972 1008 plerumque
996 953 1096 996 comes

223 1041 278 1103 est,
293 1039 410 1093 nonest
425 1034 509 1092 bonis
523 1034 593 1092 viris
604 1035 792 1106 repudianda.
834 1033 891 1090 llls
903 1039 1009 1100 autem,
1020 1049 1095 1108 quae

222 1153 256 1192 se
270 1135 332 1209 ejus
345 1133 532 1192 imitatricem
545 1151 610 1190 esse
625 1133 698 1199 vult,
719 1131 873 1189 temeraria
887 1125 972 1206 atr'pue
994 1133 1096 1192 incon·

223 1234 360 1301 siderata,
374 1239 404 1290 et
425 1235 591 1307 plerumque
611 1236 796 1305 peccatorum
819 1231 1012 1306 vitiorumque
1036 1233 1095 1290 lan·

223 1332 330 1401 datrix,
360 1332 437 1390 lama
465 1331 620 1406 popularis,
641 1330 827 1388 simulatione
858 1331 1019 1390 honestatis
1042 1333 1096 1392 lor·

222 1445 301 1490 nram
315 1431 387 1505 ejus,
398 1431 679 1507 pulcritudinemque
693 1430 858 1503 corrumpit.
878 1447 935 1504 qus
947 1431 1095 1490 caecitate

223 1532 369 1600 homines,
402 1548 468 1589 cunr
499 1532 641 1605 quaedam
661 1529 750 1587 etiam
771 1532 921 1603 praeclara
943 1535 1094 1603 cuperent,

222 1647 315 1708 eaque
341 1631 489 1690 nescirent
508 1647 563 1689 nec
579 1629 638 1696 ubi,
652 1646 707 1686 nec
721 1629 819 1704 qualis
843 1633 951 1697 essent,
965 1629 1097 1688 funditus

222 1731 274 1788 alii
302 1735 471 1788 everterunt
498 1747 564 1787 suas
588 1729 736 1795 civitates,
761 1727 811 1784 ulii
834 1727 889 1801 ipsi
913 1727 1094 1788 occiderunt.

222 1833 311 1902 atque
326 1829 356 1885 hi
370 1828 485 1900 quidem
499 1828 610 1900 optima
623 1833 766 1901 petentes,
781 1833 911 1884 nontam
933 1830 1095 1897 voluntate,

224 1943 311 2000 quam
337 1943 438 1984 cursus
462 1943 557 1984 errore
581 1926 726 1984 tolluntur.
771 1925 859 1996 Quid,
881 1925 933 2001 qui
952 1927 1093 1999 proconiso

224 2025 395 2097 cupiditate,
406 2026 454 2099 qui
470 2027 650 2098 voluptatum
664 2025 785 2082 libidine
797 2024 942 2082 teruntur:
963 2043 1094 2101 quorum·

110 2125 111 2129 ’
223 2142 279 2198 que
293 2123 333 2182 its
349 2126 549 2198 perturbantur
567 2125 667 2198 scirpi,
681 2129 712 2181 ut
727 2142 785 2182 uon
806 2127 927 2182 multum
945 2125 1041 2184 absint
1054 2127 1092 2186 ab

224 2220 352 2292 insania,
379 2225 453 2298 quod
481 2223 684 2298 insipientibus
709 2223 854 2297 contingit
877 2216 1021 2292 omnibns,
1047 2225 1096 2282 his

219 2325 342 2380 nullane
363 2329 408 2380 est
433 2324 599 2380 adhibenda
619 2320 753 2380 contio?
784 2329 879 2380 utrum
899 2325 974 2398 quod
997 2324 1094 2384 minus

223 2428 350 2480 noceant
376 2421 466 2480 animi
493 2423 715 2496 aegrotationes,
742 2437 827 2495 quam
851 2419 1003 2494 corporis?
1043 2441 1092 2492 an,

221 2521 297 2592 quod
311 2538 429 2594 corpora
442 2521 537 2579 curari
550 2521 669 2595 possint,
678 2520 838 2578 animorum
849 2521 995 2578 medicina
1010 2524 1091 2582 nullo
1127 2513 1133 2520 ’

192 2615 283 2678 asir?
305 2621 346 2678 At
354 2627 383 2678 et
398 2622 490 2678 morbi
504 2619 728 2694 perniciosiores
741 2621 893 2694 pluresque
907 2628 975 2678 suut
988 2621 1094 2690 animi,

220 2736 306 2794 qnam
319 2719 455 2794 corporis.
478 2719 509 2777 hi
522 2720 601 2777 enim
616 2719 672 2792 ipsi
686 2717 780 2776 odiosi
800 2724 878 2786 sunl,
890 2722 965 2794 quod
979 2722 1016 2777 ad
1030 2720 1095 2778 ani·

220 2835 298 2877 mum
311 2821 467 2892 pertinent,
481 2811 601 2894 eumque
613 2819 790 2876 sollicitant:
810 2818 981 2894 animusque
994 2837 1090 2894 aeger,
1113 2801 1116 2808 ’

220 2923 250 2974 ut
266 2917 306 2975 nit
321 2919 443 2986 Ennius,
456 2937 568 2992 semper
583 2925 771 2992 ornatusque
783 2916 854 2989 pati,
872 2936 966 2992 neque
978 2919 1092 2992 perpeti

220 3023 334 3088 potest:
355 3035 461 3096 cupiere
476 3035 630 3090 numquam
644 3017 761 3074 desiuit.
776 3018 878 3089 quibus
891 3019 1001 3074 duobus
1017 3037 1090 3076 mor·

221 3116 264 3171 bis
289 3113 335 3192 (ut
345 3116 477 3172 omittam
491 3113 579 3192 alios)
593 3117 772 3188 aegritudine
794 3131 823 3175 et
843 3136 888 3186 cu,
901 3117 1014 3186 idilate,
1039 3117 1093 3192 qui

221 3217 338 3272 tandem
354 3220 472 3287 possunt
485 3214 516 3272 in
531 3231 650 3287 corpore
674 3233 737 3272 esse
759 3215 934 3289 graviores?
954 3217 1004 3292 qui
1020 3233 1094 3274 vero

220 3315 332 3386 probari
348 3320 451 3386 potest,
466 3320 494 3370 nt
507 3313 561 3369 sibi
576 3315 685 3372 mederi
698 3317 812 3374 animus
826 3335 886 3374 non
901 3317 1002 3390 possit,
1021 3333 1092 3374 cum

249 3473 363 3520 'nullam
375 3474 439 3520 emin.
458 3489 467 3518 e
491 3475 551 3533 giem
568 3476 678 3538 vertum]
712 3477 811 3526 Virtutis
821 3484 855 3526 eat
873 3477 974 3540 protecto
983 3493 997 3524 a
1007 3477 1091 3538 glosas

221 3537 272 3580 tore
280 3547 306 3578 cn
316 3534 365 3580 eliis
377 3535 452 3579 torisa
468 3537 580 3596 scriptum,
591 3536 760 3599 delendumque.

251 3613 271 3646 ¹⁰
284 3618 371 3659 ‘temnat
380 3613 580 3675 umpuatnupo]
599 3630 629 3662 sc.
639 3617 706 3676 voris,
717 3631 734 3665 s.
746 3617 836 3665 virtutis
850 3613 969 3678 loquentis.
