2552 4208
237 259 299 328 m
480 251 616 308 ultumis
635 255 887 312 eulmotiw

234 407 395 470 contulisse
405 406 521 475 dieitur,
535 407 623 484 inque
633 425 670 466 es
684 410 753 468 urbe
766 410 859 478 senio,
880 413 912 468 ct
923 411 1107 488 aegritudine

185 501 301 570 ldesse
315 509 473 568 coniectus.
516 509 582 568 Hoc
597 515 626 568 tu
640 509 729 584 igitur
751 527 857 568 censes
880 511 1008 585 sapienti
1028 516 1107 576 coci.

235 610 306 672 dere
318 627 409 686 posse,
420 615 451 668 ut
465 607 647 681 aegritudine
661 611 847 683 opprimatur,
858 610 952 680 idest,
966 613 1108 676 miseria?

234 727 304 772 nem
317 727 384 772 oum
405 709 500 768 omnia
515 709 700 783 perturbatio,
715 708 831 768 miseris
844 717 899 780 cst,
913 718 974 770 tum
993 715 1108 774 earnifi-

234 809 305 872 etna
317 817 370 880 est,
391 807 558 886 aegritudoa
578 809 667 866 habet
691 810 825 868 ardorem
838 809 939 880 libido,
953 813 1106 874 levitatem

233 909 347 970 laetltla
366 909 505 985 gestiens,
527 907 723 966 humilitatem
746 914 859 966 metus:
878 911 930 968 sed
954 914 1106 990 aegritudo

232 1009 342 1084 meriora
368 1009 520 1084 quaedam,
548 1009 654 1074 tabem,
678 1008 850 1076 cruciatum,
876 1009 1106 1082 afflictationem,

230 1107 420 1170 foeditatem:
442 1102 661 1186 lacerat,eirest
685 1107 824 1175 animum,
846 1110 990 1186 planeque
1016 1112 1106 1170 confl-

231 1207 282 1270 olt.
298 1209 374 1268 hanc
388 1208 445 1267 nisi
460 1207 595 1266 exuimus
608 1207 663 1278 sic,
676 1214 707 1265 ut
721 1205 901 1284 abjiciamus,
915 1208 1034 1268 miseris
1056 1228 1104 1269 ca·

231 1325 295 1370 rere
311 1327 368 1368 uon
384 1323 545 1384 possumus.
624 1373 627 1380 ,

272 1410 370 1486 Atque
385 1409 441 1466 hoo
455 1407 573 1483 quidem
587 1405 771 1480 perspicuum
795 1412 850 1476 est,
865 1413 926 1466 tum
950 1406 1105 1482 aegritudi-

229 1521 298 1570 nem
312 1509 464 1578 exsistere,
479 1523 546 1566 oum
570 1507 637 1582 quid
664 1507 706 1565 ita
730 1507 825 1566 visum
847 1510 896 1577 sit,
910 1514 941 1566 ut
967 1524 1105 1583 magnum

229 1611 372 1688 quotidem
384 1609 490 1668 mulum
505 1609 617 1676 adesse,
631 1612 662 1665 ut
676 1623 777 1684 urgere
793 1609 935 1667 videatur.
976 1609 1105 1683 Epicuro

228 1715 328 1770 tutem
343 1711 449 1784 placet,
463 1707 603 1780 opinione
623 1707 703 1772 mali,
716 1707 929 1780 aegritudinem
943 1725 1007 1763 esse
1023 1713 1104 1765 natu

229 1821 271 1874 ra,
286 1812 316 1862 ut
330 1805 503 1880 quicumque
516 1805 664 1861 intueatur
678 1803 709 1860 in
733 1805 849 1876 aliquod
870 1805 963 1877 majus
988 1807 1105 1874 malum,

230 1903 257 1964 sl
272 1903 300 1960 ld
315 1903 372 1960 sibi
394 1901 539 1959 accidisse
553 1901 696 1975 opinetur,
715 1901 781 1958 ⁵⁶sit
803 1897 945 1958 continuo
959 1901 989 1956 in
1013 1902 1106 1976 aegri·

230 2004 341 2063 tudine.
391 2001 552 2075 Cyrenaici
585 2017 643 2058 non
673 2003 753 2058 omni
788 2003 867 2057 malo
890 1999 1103 2073 aegritudinem

135 2120 136 2124 ’
229 2101 307 2161 ellici
327 2106 460 2168 censent,
474 2102 525 2156 sed
541 2100 688 2172 insperato
701 2107 732 2156 el
747 2117 802 2156 nec
823 2099 944 2171 opinato
958 2103 1042 2157 malo.
1057 2106 1103 2158 est

229 2199 260 2260 ld
276 2199 390 2273 quidem
404 2217 461 2255 non
476 2197 622 2254 mediocre
641 2199 678 2264 ad
703 2197 915 2272 aegritudinem
929 2200 1102 2273 augendam.

230 2301 369 2358 uidentur
383 2298 462 2355 enim
486 2299 586 2355 omnia
607 2297 759 2371 repentina
783 2297 926 2372 graviora.
941 2317 980 2356 ex
995 2300 1051 2358 hoo
1072 2304 1103 2356 el

230 2395 282 2457 illa
289 2398 355 2472 jure
370 2397 532 2454 laudantur.

290 2551 343 2612 ligo
352 2565 402 2598 oum
412 2550 485 2610 genui,
496 2557 543 2598 turo
553 2551 683 2598 morilumm
700 2551 763 2608 scivi,
779 2555 802 2598 el
814 2551 838 2598 ei
852 2552 884 2599 rei
895 2552 981 2600 mutuli.

290 2631 412 2678 Praeterea
427 2633 456 2678 ad
467 2631 558 2690 Trojam
568 2646 617 2678 oum
635 2631 684 2678 miri
694 2631 724 2677 ob
738 2633 899 2678 defendendam
914 2633 1042 2691 Graeciam,

291 2709 392 2757 Sciebam
406 2709 478 2757 mein
493 2711 631 2757 meditemur
646 2711 739 2769 bellum,
755 2726 800 2759 non
810 2711 833 2758 in
848 2713 926 2774 epulas
942 2713 1042 2762 mittere.

179 2855 221 2918 14
232 2849 316 2909 Haeo
330 2851 418 2925 igitur
430 2828 652 2924 praemeditatio
672 2851 840 2909 futurorum·
852 2855 1003 2921 melorum,
1027 2855 1101 2912 lenit

230 2967 329 3008 eorum
351 2951 519 3013 adventum,
533 2969 606 3023 quae
623 2950 773 3008 venientia
789 2955 874 3026 longe
899 2960 969 3010 ante
984 2953 1102 3012 videris.

229 3047 329 3122 itaque
350 3050 425 3121 apud
460 3049 629 3121 Euripidem
656 3067 674 3106 a
695 3051 817 3108 Theseo
840 3053 919 3110 dicta
939 3050 1100 3111 laudantur.

230 3146 301 3206 licet
316 3146 405 3216 enim,
418 3155 450 3205 ut
473 3165 561 3222 saepe
585 3149 717 3219 tacimus,
740 3150 772 3209 in
798 3153 936 3211 Latinum
957 3155 1008 3210 illa
1032 3171 1101 3212 cou-

230 3257 356 3305 vertere.

261 3407 283 3442 ⁵⁵
296 3407 325 3454 sil
333 3422 350 3453 c.
362 3406 388 3454 r'n
397 3407 571 3474 aegritudinem]
586 3412 665 3460 melius
675 3417 724 3460 erat
734 3413 759 3460 s'n
769 3413 918 3472 aegritudine,
928 3418 1006 3478 estque
1016 3413 1040 3466 in
1048 3413 1098 3464 Ma.

230 3465 275 3516 cu.
287 3473 313 3516 ut
326 3473 351 3516 et
360 3467 430 3516 edidit
441 3470 553 3520 Davisius.
583 3474 660 3523 Sedet
669 3474 807 3522 accusativus
816 3474 847 3522 sic
855 3474 945 3522 dieitur.
