2538 4188
242 334 304 390 tua
491 325 534 372 on
555 325 692 374 narona
713 327 856 376 ononun

242 475 390 549 praeclare
404 479 502 545 septus
515 479 568 530 est.
583 492 633 530 ore
653 475 732 531 enim
746 474 921 543 continetur,
935 476 1012 533 et-ad
1025 493 1111 534 usum

243 579 320 645 apte,
334 577 363 628 et
378 574 413 628 ad
429 573 637 629 incolumitatis
657 573 828 630 custodiam.
871 573 1027 649 Omnisque
1045 595 1111 633 sen·

241 689 291 728 sus
325 672 471 728 hominum
494 674 584 727 multo
605 673 758 728 antecellit
786 672 918 730 sensibus
948 675 1111 732 bestiarum.

195 769 373 828 uterinum
389 772 466 828 enim
490 771 568 828 ocuti
582 769 613 826 in
627 770 664 826 iis
689 770 807 838 artibus,
830 789 947 845 quarum
968 772 1112 846 judicium

246 879 290 927 est
314 872 471 937 oculorum,
484 869 515 926 in
539 869 634 941 plutis,
648 869 923 944 fictis,oaelatisque
946 871 1056 940 formis,
1079 873 1111 930 in

246 987 397 1042 corporum
411 971 500 1026 etlam
525 969 653 1025 motione
674 973 760 1042 atque
773 973 854 1042 gestu
875 971 964 1026 multa
988 975 1110 1030 cernunt

246 1069 388 1126 subtilius.
403 1071 530 1125 colorum
548 1068 647 1136 etiam,
660 1071 690 1124 et
704 1068 855 1141 figurarum
873 1066 892 1099 '¹
903 1073 963 1124 tum
977 1075 1111 1127 venusta·

246 1171 304 1224 lem
318 1173 403 1240 atque
416 1167 555 1234 ordinem,
570 1171 609 1235 et,
625 1171 656 1223 ut
670 1167 710 1223 ita
724 1167 830 1234 dicam,
843 1168 1018 1235 decentiam,
1032 1169 1112 1225 oculi

238 1265 389 1340 judicant:
411 1271 496 1340 alque
510 1265 599 1323 etiarn
623 1267 681 1322 alia
706 1265 822 1338 majora.
839 1283 907 1322 nam
929 1273 959 1324 et
979 1267 1111 1336 virtutes,

245 1370 276 1423 et
298 1364 371 1421 vitia
394 1369 592 1438 cognoscunt:
613 1365 726 1430 iratum,
749 1364 921 1437 propitium:
942 1367 1110 1433 laetantem,

245 1465 411 1521 dolentem:
432 1463 543 1526 lortem,
567 1463 726 1538 ignavum:
747 1465 897 1531 andanem,
923 1463 1111 1539 timidumque

246 1569 437 1638 cognosuunl.
480 1563 657 1638 Auriumque
678 1563 749 1620 ilem
772 1568 818 1619 est
841 1563 1010 1620 admirabile
1024 1545 1112 1637 quod·

245 1663 323 1729 dam,
342 1661 364 1695 τ’
375 1661 775 1737 artificiosumquejudioium,
788 1677 844 1736 quo
858 1661 1007 1734 judicatur
1029 1668 1059 1720 et
1078 1663 1111 1718 in

242 1763 341 1830 noeis,
355 1767 386 1819 et
409 1763 440 1819 in
454 1761 587 1840 tibiarum
607 1778 816 1834 nervorumque
830 1763 971 1818 vcantibus
986 1762 1110 1818 varietas

246 1877 391 1928 sonorum,
413 1862 577 1927 intervalla,
601 1859 758 1927 distinctio,
782 1865 812 1916 et
826 1860 909 1917 noeis
922 1878 1028 1934 genera
1049 1879 1109 1932 per-

244 1962 356 2016 multa:
378 1976 525 2023 canorum,
553 1958 680 2016 luscum:
712 1961 806 2025 laeve,
829 1976 978 2032 asperum:
1010 1977 1112 2033 grave,

157 2061 159 2064 ’
245 2062 361 2114 acutum
375 2076 381 2111 ε
403 2055 541 2122 flexibile,
555 2057 675 2112 durum:
694 2056 773 2129 quae'
789 2058 938 2116 hominurn
957 2062 1047 2116 solum
1062 2076 1111 2118 au·

245 2157 322 2214 ribus
344 2153 519 2229 judicantur.
570 2155 747 2229 Nariumque
775 2155 856 2223 item,
884 2163 914 2214 et
947 2157 1111 2232 ”gustandi

244 2257 352 2329 pariter
374 2259 404 2311 et
426 2251 565 2326 tangendi
592 2271 697 2326 magna
718 2253 831 2326 J'udicia
855 2261 931 2313 sunt.
973 2259 1020 2315 Ad
1039 2276 1109 2332 quos

245 2373 345 2412 sensus
359 2353 516 2428 capiendos
531 2355 561 2407 et
583 2346 777 2425 perfruendos,
792 2357 887 2427 plures
913 2355 1010 2424 etiam,
1023 2375 1109 2431 quam

244 2457 364 2523 vellem,
378 2461 454 2512 artes
474 2462 604 2530 repertae
630 2462 705 2512 sunt.
747 2455 932 2536 Perspicuum
954 2462 996 2511 est
1021 2457 1111 2524 enim,

241 2563 303 2630 ‘quo
322 2555 545 2628 compositiones
570 2563 788 2627 unguentorum,
813 2573 868 2628 quo
888 2557 1016 2611 ciborum
1041 2571 1110 2612 oon·

196 2651 380 2722 d9diliones‚
394 2672 449 2727 quo
463 2671 611 2726 corporum
626 2653 773 2709 lenocinia
799 2655 999 2725 processerint.
1040 2656 1110 2711 Jam

246 2769 318 2809 vero
331 2753 457 2809 animum
477 2753 580 2824 ipsum,
601 2756 783 2826 mentemque
803 2751 936 2817 hominis,
957 2752 1109 2821 rationem,

243 2852 408 2918 eonsilium,
428 2851 617 2923 prudentiam,
631 2850 680 2922 qui
695 2867 753 2906 non
773 2851 876 2907 divina
889 2867 959 2906 eura
979 2852 1111 2922 perlecta

275 3006 296 3038 7¹
312 3005 509 3068 tumuenustnlem]
527 3009 574 3049 tum
592 3008 716 3062 suspectum
726 3007 768 3060 est,
778 3003 830 3062 qrria
840 3003 861 3049 ei
877 3003 907 3049 nil
925 3004 1051 3065 respondet.
1085 3007 1111 3053 Si

244 3066 427 3172 pppsadeclipgpone,
436 3063 456 3108 ei
467 3064 583 3124 respondet
594 3067 613 3106 et
623 3069 675 3106 ante
684 3065 709 3106 ut
718 3062 839 3109 itndicmn.
870 3063 989 3110 Lambinus
1000 3070 1023 3108 et
1039 3064 1110 3111 Davi-

276 3205 299 3236 72
308 3199 581 3259 artifirirmmjudiea‘um,
592 3213 633 3256 quo
638 3197 759 3256 judicetur
768 3222 775 3231 ·
786 3225 792 3233 ·
801 3214 856 3258 quus
865 3199 981 3246 deminum
988 3215 1005 3245 s.
1015 3201 1112 3250 numius

149 3314 151 3318 ,
240 3262 395 3320 ,iudicanturl
427 3261 489 3306 Hane
508 3258 609 3318 periodus
630 3273 672 3302 non
691 3261 725 3302 est
743 3258 772 3302 ad
786 3257 954 3304 Ciceronianam
973 3260 1109 3316 elegantiam

245 3328 335 3368 structa
369 3318 495 3366 Deleverim
504 3316 567 3362 initio
582 3315 756 3376 quujudicntur,
767 3315 919 3376 interpungam
934 3323 985 3377 post
995 3319 1105 3366 cuntibus.

246 3382 271 3426 lu
282 3383 323 3424 tine
334 3379 404 3436 legam
415 3393 447 3434 eu,
458 3377 493 3422 vel
508 3391 562 3435 quus
571 3376 665 3422 deleam.

274 3458 297 3489 ⁷³
311 3456 418 3513 gustandi
433 3456 550 3512 peniteret
567 3452 690 3522 tangendi]
721 3451 758 3500 sic
775 3452 831 3498 bene
848 3467 861 3498 e
882 3453 928 3500 Ma.
940 3451 1011 3498 Aldus
1029 3469 1108 3515 nepos,

244 3515 322 3558 tantu.
333 3520 357 3558 et
368 3514 477 3569 Davisius,
492 3521 598 3574 sequente
609 3513 704 3560 Bulrerro
714 3519 736 3558 et
754 3512 885 3559 alemanno.
917 3511 992 3567 vulga
1002 3517 1058 3564 arte,
1070 3515 1110 3560 vel

242 3576 320 3626 aperte.
332 3571 434 3618 lectionis
440 3571 527 3628 pariter
537 3571 655 3630 vestigium
662 3578 696 3618 est
706 3571 729 3618 in
735 3575 806 3630 porte,
817 3576 841 3618 ut
851 3569 902 3618 libri
912 3569 1002 3631 qnidam
1012 3570 1107 3619 habenta
