2538 4188
239 301 304 364 456
488 291 533 346 D!
547 293 686 346 alcuna
705 291 848 347 DEORUM

238 441 398 504 Formiano
411 442 446 504 P.
460 443 565 504 Rutilii
587 447 642 504 aim
670 453 795 522 questus,
811 465 867 504 nou
892 447 929 505 de
943 447 1047 506 aminea
1061 467 1105 508 na·

185 571 226 633 36
238 545 306 601 lute.
351 547 446 618 Atque
462 546 517 600 hoc
531 547 648 619 quidem
661 564 761 603 ornnes
777 550 912 603 mortales
926 551 969 606 sic
987 549 1032 604 hal
1043 556 1106 620 ent,

236 650 373 712 externas
403 645 634 712 commoditates,
669 645 779 712 vineta,
820 654 946 720 segetes,
983 648 1107 718 oliveta,

236 746 397 802 ubertatem
407 742 517 817 frugum
532 747 562 800 et
573 742 732 813 fructuum
753 763 870 802 omnem
884 746 1009 820 denique
1029 764 1107 804 com·

234 843 407 902 moditatem
421 841 694 916 prosperitatemque
715 845 804 909 vitae,
819 863 836 900 n
849 845 906 900 diis
926 862 958 900 oe
982 847 1108 902 habere:

235 943 374 1000 virtutem
388 951 485 1002 autem
501 959 587 1000 nemo
601 960 735 1018 umquam
749 952 901 1017 acceptam
914 947 971 1001 deo
995 948 1102 1004 retulit.
1165 1009 1170 1020 ,

229 1041 382 1102 Nimirum
396 1047 485 1099 recte.
501 1051 616 1115 propter
630 1041 766 1098 virtutem
781 1042 931 1114 enimjure
948 1045 1106 1115 laudamur,

233 1145 264 1198 ct
286 1143 314 1196 in
341 1141 448 1214 virtute
462 1149 541 1198 recte
563 1141 726 1216 gloriamur.
770 1140 855 1211 Quod
881 1159 937 1199 non
953 1143 1105 1217 continge·

232 1238 321 1302 renai
342 1238 370 1294 id
386 1239 493 1294 donum
514 1257 533 1295 a
554 1239 723 1302 domnonia
741 1241 823 1295 nubis
835 1241 1015 1298 haberemus.
1061 1246 1103 1300 At

232 1353 305 1394 vero
318 1343 366 1394 aut
380 1337 536 1394 honoribus
549 1339 638 1404 aucti,
652 1344 702 1394 aut
717 1356 748 1394 re
762 1338 909 1405 familiari,
922 1346 970 1395 aut
985 1340 1010 1395 ni
1022 1340 1103 1398 aliud

232 1435 379 1512 quippiam
407 1436 487 1494 nacti
511 1453 607 1494 tumne
630 1436 742 1494 fortuiti
769 1439 848 1498 boni,
868 1443 916 1494 aut
938 1438 1102 1510 depulimus
1121 1478 1124 1482 -

231 1536 311 1606 mali,
324 1552 391 1592 cum
407 1535 462 1593 diis
474 1536 582 1608 gratius
593 1535 713 1610 agimur,
729 1543 788 1593 tum
803 1535 875 1593 nihil
892 1544 1007 1594 nostrae
1022 1537 1103 1596 laudi

231 1641 397 1693 naorrmtunr·
410 1635 587 1693 arbitramur.
630 1637 709 1692 Num
734 1636 807 1709 quis,
834 1637 910 1708 quod
935 1637 1026 1694 bonus
1057 1636 1103 1695 vir

230 1741 317 1800 esset,
335 1735 443 1808 gratias
461 1734 517 1790 diic
541 1733 602 1808 egit
630 1723 785 1809 umquam?
828 1737 870 1794 At
899 1737 981 1818 quod
1006 1736 1101 1804 dives,

230 1835 305 1910 quod
334 1834 498 1899 honoratus,
525 1834 601 1907 quod
632 1833 796 1891 incolumia.
837 1835 1002 1907 lovemque
1026 1835 1099 1908 opti·

230 1947 318 1996 mrim,
333 1933 500 1998 maximum,
528 1931 596 1989 ¹⁷otr
617 1951 667 1990 can
692 1924 736 1990 res'
760 1935 917 2006 appellant,
941 1951 997 1990 non
1022 1933 1097 2006 quod

182 2015 184 2018 ¹
229 2045 283 2088 non
303 2029 409 2102 juatoc,
423 2011 607 2103 temperatos,
634 2033 780 2104 sapientes
806 2031 922 2094 efficiat,
946 2031 996 2084 aed
1018 2029 1093 2099 quod

229 2130 338 2196 calvos,
355 2129 525 2194 incolumes,
544 2132 707 2201 opulentos,
719 2128 859 2200 copiosos.
901 2125 1003 2196 Neque
1020 2125 1094 2180 Her·

228 2229 290 2284 culi
311 2227 460 2301 quisquam
481 2228 633 2286 decumam
650 2207 733 2285 v⁸ovit
753 2241 896 2304 umquam,
923 2222 948 2278 si
975 2224 1093 2294 capient

227 2324 321 2380 lacurn
345 2331 431 2383 esset.
473 2326 654 2402 Quamquam
676 2303 865 2400 Ppthagoma,
891 2321 1097 2398 onningen

227 2424 330 2482 metria
341 2425 476 2498 quiddam
490 2427 562 2483 novi
584 2426 755 2491 invenisset,
768 2424 860 2482 Musis
876 2425 980 2480 bovem
995 2423 1096 2481 immo·

227 2524 432 2581 laaaodicitdr.
451 2527 501 2579 sed
516 2524 545 2580 id
560 2523 676 2597 quidem
699 2541 756 2579 non
771 2525 868 2588 credo,
883 2522 1017 2595 quoniam
1043 2523 1094 2580 illc

227 2641 266 2680 ne
291 2623 422 2696 Apollini
440 2623 555 2696 quidem
571 2622 660 2678 Delio
682 2620 806 2678 hostiurn
827 2623 976 2678 immolare
992 2620 1095 2692 votuit,

226 2719 247 2752 ¹⁸
262 2739 390 2779 neuram
404 2720 544 2792 sanguine
559 2721 750 2792 adspergeret.
792 2721 842 2777 Ad
861 2737 921 2777 rem
941 2727 1038 2777 autem
1062 2723 1095 2778 ut

227 2822 352 2886 redeam,
371 2819 514 2892 judicium
529 2819 584 2876 hoc
605 2819 733 2875 omnium
749 2811 910 2876 mortalium
931 2825 986 2885 ent,
1011 2819 1096 2876 sortu-

225 2937 294 2978 nam
308 2937 325 2975 a
344 2920 400 2976 deo
413 2919 578 2991 petendam,
591 2935 608 2974 a
623 2935 654 2974 se
673 2917 736 2989 ipso
750 2918 919 2973 sumendam
933 2934 997 2974 esse
1018 2917 1094 2989 sapi·

224 3021 344 3077 entiam.
387 3018 529 3089 Quamvis
543 3016 612 3074 licet
630 3014 723 3072 lllcnti
740 3015 868 3078 delubra,
877 3019 910 3071 'et
926 3015 1049 3079 Virtuti,
1059 3019 1091 3072 et

224 3117 311 3178 Fidei
326 3135 548 3184 consecremua;
570 3121 667 3173 tumeo
688 3115 762 3171 hacc
776 3113 807 3171 in
831 3113 915 3172 notris
938 3113 1010 3187 iptio
1035 3113 1092 3170 sita

252 3273 274 3308 Π
289 3273 412 3334 olamans]
430 3273 472 3318 hor
480 3269 534 3319 milri
545 3268 658 3316 inrititium
668 3268 764 3316 videtur.

251 3351 273 3384 ¹⁸
287 3367 316 3399 ric
324 3367 388 3398 orum
399 3351 507 3408 sanguine
516 3349 671 3410 adspergant]
703 3346 807 3396 Daviaiur
824 3361 838 3392 a
856 3345 914 3402 Mra.
925 3346 1010 3393 duobut
1019 3343 1091 3390 edidit

222 3419 365 3468 respergeret.
383 3413 441 3470 quod
452 3417 484 3454 est
495 3425 548 3455 nane
559 3409 581 3455 in
598 3411 640 3454 bac
651 3409 720 3454 torma
737 3407 846 3454 usitatiur.
877 3402 982 3452 Ceterum
998 3405 1089 3450 adrem

222 3469 282 3528 quod
302 3469 390 3521 attinet,
401 3469 440 3514 alii
450 3468 481 3513 aie
497 3469 596 3522 tradunt,
607 3483 656 3512 eum
675 3482 736 3513 aram
752 3465 858 3527 ipolliuia
874 3465 896 3510 iu
911 3465 966 3511 Delo
976 3464 1088 3516 adornare,

237 3525 281 3595 nod
298 3527 368 3632 incer
388 3527 463 3574 nullae
479 3525 802 3576 vurmaaomenuefierenta
815 3527 875 3576 uude
888 3521 994 3573 memoria
1013 3521 1090 3583 lapaut

238 3591 305 3632 turtur
334 3586 401 3632 icero.
