2548 4208
257 357 322 418 250
427 336 434 348 ’
499 345 635 398 nuscuu.
655 347 898 402 ournsuuouun

257 501 362 559 reiertn
375 493 459 557 bonis
473 501 527 565 esi,
541 499 591 556 sed
606 497 631 555 si
645 498 736 556 multo
749 497 858 573 majore
882 501 914 555 et
932 497 1067 572 gmviorc
1087 515 1127 560 ex

252 593 340 674 'porte
366 596 387 630 ¹⁹
401 601 477 656 bonu
500 597 690 673 propendent,
715 597 801 654 beate
827 601 908 654 recte
934 596 996 654 dici
1022 603 1130 672 potest.

259 699 405 771 Sequetur
428 697 516 772 igitur
538 695 560 728 ²⁰
573 697 673 753 horum
697 695 809 753 rntione
830 697 879 752 rel
894 696 931 752 nd
955 696 1132 772 supplicium

257 797 344 856 bento
358 796 420 854 rito
435 795 581 864 virtutem,
595 812 718 869 cumque
732 811 769 851 eo
788 795 948 853 descendet
961 795 993 853 in
1008 801 1130 865 tuorum,

258 895 430 963 Aristotele,
454 896 632 962 Xenocrate,
654 893 826 967 Speusippo,
852 893 1012 952 Polemone
1031 901 1129 952 uncto·

255 995 345 1062 ribus,
371 983 457 1052 ²¹uec
485 1011 551 1050 eum
575 993 662 1050 minis
686 997 735 1049 eut
760 992 968 1051 blandimentis
995 997 1129 1067 corrupte

256 1093 379 1152 deseret.
394 1095 497 1150 eudem
522 1091 718 1165 Calliphontis
738 1091 794 1149 erit
809 1091 989 1166 Diodorique
1011 1097 1128 1151 senten·

255 1193 314 1250 tia:
346 1209 464 1266 quorum
489 1195 608 1266 uterque
636 1190 818 1247 honestatem
841 1190 886 1248 sic
913 1190 1128 1264 complectitur,

255 1295 288 1348 ut
302 1291 409 1359 omniu,
429 1309 504 1364 quoe
524 1291 586 1347 sine
612 1308 647 1346 en
668 1289 727 1347 siut
743 1291 829 1364 longe
850 1295 880 1346 et
901 1294 976 1347 retro
990 1291 1127 1362 ponende

232 1395 385 1458 [censeat.
428 1389 545 1463 Reliqui
570 1386 713 1445 ”habere
734 1405 766 1445 se
795 1388 931 1446 ridentur
957 1389 1128 1463 angustius:

254 1493 377 1547 enatant
410 1493 524 1545 tumen:
566 1487 718 1564 Epicurus,
742 1487 949 1562 Hieronymus,
970 1493 1001 1545 et
1026 1487 1129 1564 siqui

253 1593 331 1661 sunt,
355 1585 377 1619 ²³
389 1587 439 1663 qui
452 1589 598 1644 desertum
612 1585 694 1644 illum
716 1586 898 1645 Carneadem
913 1593 1015 1645 curent
1029 1587 1129 1645 deien-

252 1689 333 1745 dere.
355 1685 376 1720 '⁴
387 1703 473 1746 nemo
487 1691 532 1744 est
553 1686 642 1754 enim,
655 1686 705 1760 qui
718 1703 817 1744 eorum
841 1687 980 1744 bonorum
994 1680 1125 1770 oninium

253 1793 335 1862 putet
349 1805 412 1844 esse
417 1787 559 1861 judicem,
570 1803 692 1858 eumque
707 1783 979 1854 condocefeciut,ut
992 1805 1038 1855 eu,
1051 1803 1125 1862 quoe

253 1884 331 1943 boue
352 1887 468 1943 malave
493 1886 657 1954 videantur,
683 1885 774 1956 possit
807 1891 1005 1944 contemnere.
1046 1887 1126 1946 Num

253 2000 327 2060 quse
342 1985 395 2042 tibi
409 1981 529 2058 Epicuri
552 1985 677 2052 videtur,
698 1986 802 2042 eedem
821 1985 877 2043 erit
900 1985 1074 2060 Hieronymi
1093 1991 1126 2046 et

282 2159 305 2192 ¹²
318 2160 525 2221 bonopropendrnt]
542 2160 557 2208 ἰ.
568 2175 588 2208 e.
599 2161 784 2223 praeponderant
796 2161 827 2208 ric
841 2165 865 2208 et
874 2167 908 2208 est
917 2177 985 2223 nrprn
994 2177 1012 2208 c,
1026 2165 1058 2210 17.
1075 2161 1124 2212 Mr.

253 2219 327 2268 Gueli.
340 2220 409 2266 lrabet
418 2219 567 2277 propnrdnil.
579 2222 638 2268 unde
646 2221 749 2280 conjicias
759 2221 876 2280 legendum
889 2221 1054 2278 propenderint.

282 2299 306 2331 ²⁰
319 2299 399 2345 hurum
414 2299 517 2360 ratione]
550 2299 586 2346 Sic
604 2302 700 2347 correxit
719 2301 841 2356 Bentlejus.
862 2301 988 2362 probatque
1009 2301 1124 2358 Bulreriur,

253 2357 296 2404 etsi
305 2373 390 2410 ornnes,
401 2365 425 2405 ut
435 2361 475 2414 eit,
487 2359 538 2404 iibri
549 2359 647 2407 hnbesut
656 2361 764 2408 donorum
773 2359 810 2404 vel
824 2359 939 2406 imorum.
952 2368 977 2406 at
989 2361 1036 2408 Mc.
1047 2359 1123 2408 Gueli.

270 2418 320 2462 lune
330 2417 398 2464 lrabet
406 2418 493 2476 lorum,
504 2420 563 2466 unde
572 2420 662 2479 iactum,
674 2419 736 2466 velut
746 2419 905 2479 ecompendio,
915 2419 1032 2478 honorum,
1044 2419 1125 2470 deinde

308 2491 369 2524 rum.

282 2556 303 2588 ²¹
319 2571 358 2604 nec
377 2572 424 2604 cum
439 2558 508 2608 minis
524 2563 564 2608 cul
581 2559 668 2619 blond]
699 2556 814 2606 Sicedidi
833 2572 846 2604 e
868 2553 1007 2604 correctione
1026 2558 1124 2618 Bentleii

253 2615 358 2662 evidente
376 2623 400 2662 et
417 2619 546 2670 nmessnrin,
563 2631 604 2678 pro
622 2619 713 2674 vulgato
729 2616 828 2662 minimis
848 2615 1011 2662 blandimentis.
1033 2633 1082 2663 eum
1099 2623 1124 2663 et

253 2674 358 2722 Davisius
368 2681 391 2721 et
407 2676 515 2724 Buireriur
532 2676 602 2722 secuti
620 2680 679 2722 runt.
712 2677 737 2722 lo
749 2676 796 2722 Ms.
815 2676 889 2722 Gueii.
906 2681 940 2721 est
957 2676 1059 2722 minimis
1078 2691 1123 2724 ccr-

148 2743 155 2768 ⁴
249 2738 318 2792 rupto
329 2735 501 2782 blandimentis:
512 2737 569 2781 unde
577 2735 681 2792 colligam
692 2734 758 2780 luisse
767 2735 836 2780 minio
843 2749 899 2780 corr.
911 2740 950 2780 rut
957 2735 1123 2781 blandimentis.

282 2813 306 2845 ²²
320 2813 399 2859 nubere
410 2813 682 2918 recidenturcngnrliur)
709 2813 732 2859 in
752 2813 832 2870 mrp'ori
848 2814 978 2860 difficultate
996 2828 1052 2870 esse,
1070 2828 1124 2875 quo·

250 2872 320 2920 modo
335 2887 359 2919 se
377 2879 624 2944 sunnrquesententrum
641 2873 870 2942 duodecennium
889 2877 970 2940 lumen,
989 2874 1028 2920 sed
1047 2878 1122 2924 tameo

247 2938 365 2994 utcunque
374 2947 397 2978 se
407 2947 434 2978 ex
444 2933 485 2979 ullu
495 2934 626 2979 drfficulrate
635 2933 763 2991 expediunt.

281 3010 306 3042 ²³
319 3011 360 3070 qui
373 3011 509 3059 cuononi.
525 3010 680 3070 carnum]
714 3009 788 3068 Vulgo
802 3010 961 3058 estdirerlnm.
978 3017 1002 3057 et
1011 3011 1054 3057 luit
1070 3023 1123 3061 sone

251 3067 360 3115 disertus:
376 3071 414 3115 sed
425 3073 477 3131 quid
493 3071 554 3116 idad
566 3083 660 3115 causam.
694 3068 750 3115 Mus.
778 3068 836 3115 lures
846 3068 903 3114 bene
912 3068 994 3115 habent
1004 3070 1122 3129 suerrum,

251 3128 311 3188 quod
329 3142 379 3175 curn
392 3129 612 3186 Bentlej0‚Dn'virio,
626 3127 742 3172 Buherior
771 3142 837 3173 ueere
851 3127 1016 3174 nondubitavi.
1048 3129 1122 3176 Vocet

251 3191 327 3232 autern
344 3187 462 3240 (inertum,
473 3202 525 3247 quia
540 3187 587 3244 ejus
602 3184 735 3232 seutentiam
744 3187 774 3234 de
790 3201 876 3234 summo
886 3187 945 3234 bono
954 3201 1020 3234 nemo
1035 3188 1122 3235 Aoede·

250 3243 357 3292 minirum
367 3251 477 3306 postcom
487 3245 593 3292 defendit.
1166 3249 1171 3262 '

281 3323 304 3357 ²⁴
318 3338 380 3370 neruo
399 3332 432 3371 ert
448 3327 515 3377 enim,
535 3323 701 3386 unicornui]
727 3325 770 3372 hoc
785 3339 833 3371 esse
853 3325 964 3380 vitiorum,
981 3323 1122 3373 consentiunt

250 3379 293 3426 viri
311 3381 379 3428 docti.
413 3384 456 3430 Sed
474 3384 560 3430 voment
578 3382 601 3430 in
619 3384 758 3443 corrigendo.
790 3383 916 3443 Bentlejusr
942 3384 999 3444 quin
1017 3397 1121 3430 ursorum

251 3439 373 3486 locorum
395 3442 511 3488 Davisius:
527 3456 590 3489 πιπιο
599 3446 630 3488 ert
639 3444 698 3490 enim
708 3457 783 3490 corum
792 3443 832 3502 qui
841 3444 948 3490 humum
957 3443 1061 3490 animum
1075 3457 1122 3492 con

248 3501 320 3556 putet,
329 3506 372 3543 eto.
382 3515 447 3559 quern
459 3501 553 3548 maxime
563 3501 643 3561 probet
654 3501 768 3559 Eutherius,
778 3501 858 3563 etipse
868 3509 924 3564 puto
933 3517 981 3548 esre
991 3501 1119 3548 meliorem:

251 3555 420 3628 mollimutamerr
430 3560 486 3618 quein
496 3561 515 3605 l.
532 3575 552 3605 o.
569 3564 630 3616 putet
640 3575 657 3606 e.
677 3576 727 3608 ruox
737 3562 758 3607 in
774 3569 867 3624 eumque
882 3561 1041 3621 ccndotffuciui
1057 3555 1119 3620 oddi-

250 3613 322 3664 &rm
331 3621 381 3667 sn.-
394 3617 524 3670 nonnihil
534 3618 661 3668 offensionis
670 3619 770 3670 hebebit.
1071 3621 1074 3629 “
