2552 4208
526 285 790 336 munerandus.
843 301 847 310 .
1030 295 1093 358 lau

112 467 122 492 ι
222 433 306 512 piena
319 434 462 496 truatur.
490 451 559 494 narn
579 435 605 493 ai
633 434 777 506 insertur,
790 433 881 495 ctiam
899 438 1092 511 concupiscit.

221 536 367 610 proprium
383 540 428 593 eet
443 535 523 594 enim
537 535 613 600 irati,
632 553 781 610 cupere‚a
803 555 860 612 quo
887 541 981 595 taeaua
997 539 1094 596 videa·

164 666 171 688 ι
223 641 279 704 tur,
288 636 318 694 ei
331 653 417 711 quam
432 635 590 694 maximum
605 637 735 693 dotorem
753 636 874 694 inurere.
888 637 1045 712 quinutern
1063 637 1094 696 id

222 736 415 810 concupierit,
438 753 505 794 eum
528 753 649 794 necatae
673 744 726 800 eat,
749 735 774 792 ai
798 735 827 792 id
850 744 1025 795 consecutae
1045 737 1094 807 ait,

220 853 397 910 magnopere
411 837 522 896 iactari.
533 855 572 894 ex
586 854 643 910 quo
656 837 697 903 ut,
709 845 739 892 ut
753 835 852 893 alieno
866 838 943 894 maio
957 838 1092 910 gaudeat.

222 937 297 1010 quod
313 937 447 1010 quoniam
464 953 521 994 nou
533 937 613 994 cadit
628 937 658 994 in
674 936 847 1009 sarrientem,
861 953 898 992 nc
912 941 944 992 ut
954 935 1095 993 irascatur

221 1036 341 1111 quidem
375 1038 463 1094 cadit.
496 1034 572 1094 ³⁵eiu
600 1043 698 1092 autem
725 1035 844 1092 uerteret
870 1033 903 1091 in
930 1035 1094 1108 eapientem

221 1136 383 1206 aegritudo,
404 1137 521 1194 caderet
535 1135 625 1192 etiam
639 1134 799 1191 iracundia.
814 1151 870 1208 qua
894 1134 1029 1206 quoniam
1045 1151 1095 1192 va·

222 1243 281 1301 cat,
305 1235 487 1308 aegritudine
511 1236 600 1291 etiarn
623 1233 750 1291 vacabit.
792 1232 910 1290 Etenim
931 1233 956 1290 ai
977 1233 1095 1306 rapiens

141 1341 144 1346 ’
221 1333 252 1392 in
268 1335 480 1410 aegritudinem
494 1333 623 1390 incidere
638 1341 745 1406 poeaet,
767 1340 862 1406 ponuat
887 1331 977 1390 etiam
997 1333 1028 1392 in
1043 1333 1095 1391 rni-

221 1436 420 1498 aericordiam,
436 1439 530 1505 posset
544 1433 574 1489 io
597 1433 802 1490 invidentiam.
823 1431 844 1463 ³⁸
857 1449 916 1490 non
930 1432 994 1490 dixi
1018 1431 1095 1490 invi·

221 1533 311 1598 diam,
335 1510 413 1604 quae*
434 1537 495 1587 tuna
521 1537 576 1596 eat,
600 1547 667 1586 oum
689 1531 856 1598 invidetnr;
876 1532 913 1586 ab
932 1531 1096 1589 inridendo
1130 1547 1137 1557 ·

224 1639 323 1690 autam
337 1627 500 1687 invidentia
517 1633 595 1686 raote
611 1627 671 1685 dini
691 1633 794 1701 potant.
808 1633 838 1684 ut
852 1628 1023 1702 effugiamus
1036 1645 1096 1688 aur·

224 1729 341 1802 bigarum
354 1745 459 1786 noman
470 1726 616 1810 invidia93
628 1728 703 1802 quod
714 1729 833 1784 verbnm
843 1729 961 1785 ductum
972 1735 1042 1786 eata
1054 1729 1097 1788 ni·

223 1830 280 1888 rnia
290 1829 431 1887 intuendo
444 1829 587 1885 fortunam
601 1826 728 1895 atterius,
742 1833 773 1885 ut
784 1835 828 1885 eat
841 1825 862 1859 ³⁷
871 1827 902 1886 in
915 1827 1096 1905 Menalippa,

401 1984 509 2034 Quinem
527 1985 603 2032 florem
621 1982 716 2032 liberum
732 1981 919 2037 inviditmedrn?

219 2113 324 2174 ”maie
337 2114 445 2174 Latina
461 2114 584 2174 videtur.
599 2115 651 2172 aad
666 2118 814 2189 praeclara
836 2115 957 2174 Accion.
973 2120 1005 2174 ut
1014 2115 1097 2174 eninr

220 2217 334 2284 ridere,
354 2215 397 2274 eie
413 2216 547 2274 invidere
571 2215 671 2272 dorem
695 2217 813 2283 reatina,
839 2234 926 2292 quarn
939 2217 1012 2276 dori.
1040 2233 1095 2276 noc

220 2316 433 2376 consuetudine
454 2315 653 2388 prohibemur:
674 2314 762 2387 uuita
776 2315 825 2388 jun
848 2333 932 2374 auum
947 2315 1095 2384 teunit,ct

220 2413 298 2472 dixit
316 2415 464 2472 audacius.
505 2414 593 2472 Cadit
613 2414 702 2488 igitur
716 2413 746 2472 in
761 2415 885 2474 eundem
900 2421 930 2473 et
955 2414 1094 2484 misereri,
1107 2419 1152 2480 lt}

186 2573 198 2596 ⁹
219 2513 406 2570 etinvidere.
426 2530 495 2570 nam
513 2510 591 2588 ³⁹qui
604 2514 685 2572 dotet
706 2515 791 2571 rabue
814 2513 938 2590 aiicujus
951 2515 1095 2584 adversio,

252 2665 275 2700 ³⁵
289 2665 326 2712 aiu
335 2667 417 2727 ιιιιίιιιι]
434 2671 508 2713 autem
527 2673 601 2728 poeset
620 2667 704 2714 abone.
717 2667 823 2716 Davisius
840 2665 903 2713 aedit
921 2665 948 2713 ra'.
959 2667 998 2712 aed
1007 2671 1032 2712 et
1047 2665 1094 2714 alia

221 2725 287 2784 injur
296 2727 381 2772 formae
388 2739 451 2772 erem
469 2727 490 2770 ta
500 2732 551 2772 aaut
561 2740 597 2787 ap.
609 2726 740 2774 Ciceronem
748 2733 772 2773 et
781 2727 845 2774 elion.
856 2727 933 2788 itaqua
948 2739 993 2774 non
1007 2725 1094 2774 correxi

221 2783 249 2843 ai,
260 2784 301 2831 eui
312 2785 373 2830 uiuet
383 2785 426 2831 Mn
463 2783 515 2829 deii.

252 2863 275 2897 ³⁰
290 2877 336 2910 nou
346 2862 397 2908 diui
407 2863 432 2909 ιἰι
441 2861 562 2923 a'utrr'da'um]
579 2861 654 2909 deleri
664 2863 690 2908 ιἰι
700 2877 749 2908 ιιιιιι
758 2860 853 2908 Davisio
863 2882 868 2908 ι
879 2876 921 2910 nec
930 2861 954 2909 id
964 2863 1033 2910 habat
1043 2863 1092 2913 Ma.

221 2921 267 2970 flu.
278 2937 329 2970 narn
340 2923 369 2968 de
377 2921 429 2968 eolo
442 2921 511 2967 verbo
521 2920 624 2981 loquitur.
636 2927 686 2983 port
704 2921 726 2967 in
744 2935 799 2980 quoe
816 2929 867 2969 tum
885 2926 917 2968 ed
929 2930 1039 2992 putavere
1050 2924 1094 2972 viri

221 2982 283 3089 gotti
298 2982 375 3028 decane
392 2985 413 3028 at
430 2980 468 3027 rel
477 2981 550 3028 edam.
562 2981 650 3028 trustra.
661 2981 750 3030 inuata
761 2989 795 3028 eat
804 2983 834 3028 de
843 2986 908 3030 actu:
924 2983 1049 3030 euvidudio
1058 2987 1094 3032 ert

237 3040 323 3087 evitio.

251 3121 275 3154 ³⁷
289 3121 315 3168 ιἰι
324 3119 462 3182 Menalippa]
478 3118 571 3167 aiclibri
581 3133 623 3167 ιιι.
635 3125 659 3167 ct
677 3121 729 3167 edd.
746 3119 835 3182 quidam
853 3120 896 3168 riri
914 3119 974 3168 docti
993 3122 1096 3170 maluere

222 3179 388 3239 Halouipnoex
398 3181 486 3227 Graeca
505 3181 670 3227 conrnetudine.
702 3180 836 3242 Saepiraime
846 3187 921 3228 tamen
933 3181 961 3226 ab
980 3181 1029 3227 aliia
1054 3195 1095 3228 uo·

237 3255 265 3286 ue
276 3240 317 3286 iila
327 3241 397 3286 tonna
408 3241 513 3286 laudatur
523 3241 580 3286 haee
587 3239 670 3288 tabula.
703 3239 809 3286 Brrheriur
820 3247 894 3286 autern
904 3239 998 3288 inclinat
1011 3240 1035 3288 in
1072 3251 1093 3288 Ι·

244 3300 311 3357 nim
322 3314 348 3346 rx
359 3299 451 3359 Hygino
459 3299 496 3346 tab
516 3301 564 3348 186.
575 3313 642 3362 quarn
653 3301 695 3347 huc
705 3300 818 3362 pertinere
827 3305 900 3362 putat.

250 3379 272 3414 ³³
286 3379 345 3426 mu
355 3377 446 3440 latine]
462 3377 502 3426 int.
513 3378 601 3428 diuinae.

250 3455 274 3491 ³⁰
321 3457 659 3517 ‘daur--tdaaaucujruea
672 3457 742 3520 aum]
774 3457 871 3506 Primum
890 3473 932 3520 pro
940 3461 1005 3515 dotat.
1022 3459 1093 3508 Dari-

223 3515 269 3564 aiun
306 3519 358 3572 lere.
368 3517 427 3580 quod
437 3519 538 3578 aequanti
554 3519 606 3563 uolat
621 3517 682 3564 bene
700 3518 818 3565 convenit:
835 3533 877 3580 pro
891 3521 944 3567 utet
962 3521 1032 3567 etiam
1044 3519 1092 3582 qui·

222 3573 274 3622 dam
284 3574 335 3622 iibri
355 3581 380 3622 ut
390 3575 464 3622 Guelt.
482 3577 555 3623 dotat:
570 3577 629 3647 quod
640 3591 683 3622 nou
694 3577 775 3638 planet.
796 3592 847 3626 narn
866 3583 891 3628 ct
904 3579 973 3642 proto
990 3585 1041 3642 poet
1057 3584 1094 3626 cat

221 3633 389 3684 cademtnrnu.
398 3634 540 3684 ccddtertun
549 3636 648 3697 duujru
657 3635 734 3684 abun·
744 3635 826 3686 malina
