2558 4198
189 261 259 324 292
442 252 488 304 nn
506 253 648 306 tts'lltnl
666 253 810 308 nmmum

192 403 370 462 induxerunt
386 402 479 462 dem:
500 403 697 479 feceruntque,
717 409 867 464 uteorum
887 405 976 474 bollo,
996 425 1067 484 pirg-

192 520 254 568 nns,
269 502 388 574 proelis,
403 505 524 562 vulnere
539 503 721 574 videremus3
741 505 809 564 odis
830 511 988 577 praetereo,
1008 507 1065 564 dis·
1086 555 1088 564 ,

192 601 276 666 sidia,
299 601 468 679 discordias,
492 609 581 670 ortus,
604 603 749 669 interitus,
760 605 905 677 querelas,
925 607 1064 664 lumenta·

192 699 297 768 tiones,
311 701 418 759 effusos
429 701 460 760 in
484 702 565 762 omni
578 703 804 774 intemperantia
825 703 972 771 libidines,
986 706 1064 762 srlnl·

191 800 275 867 teria,
307 800 436 866 vinculo,
469 819 537 858 cum
577 803 705 860 humano
739 815 847 876 genere
880 803 1065 870 concubitus,

190 900 384 976 mortalesque
408 919 446 958 ex
470 901 627 960 immortali
650 907 824 974 procreatos.
865 901 941 959 Cum
965 901 1064 975 poitu-

190 1016 253 1057 rum
267 1003 364 1058 autem
375 1017 470 1058 erroro
484 1000 663 1074 conjungere
677 1001 747 1058 licet
758 1003 893 1073 portento
903 1017 1062 1076 magorum,

190 1098 461 1172 Aegyptiorumque
475 1098 507 1158 in
519 1101 626 1162 wiern
648 1117 756 1172 genero
780 1099 980 1160 dementium:
1001 1106 1063 1158 tum

190 1196 282 1254 ctiam
298 1197 378 1270 vulgi
397 1197 561 1270 opiniones,
572 1215 646 1272 quse
659 1199 691 1254 in
711 1199 841 1256 maxime
854 1198 1064 1266 inconstantis,

189 1295 324 1352 veritatis
345 1296 531 1370 ignoratione
543 1301 704 1354 vorsentur.
746 1297 790 1355 Ea
814 1297 864 1371 qni
886 1297 1060 1364 consideret,

190 1411 277 1468 qnam
310 1394 475 1464 inconsulte
502 1413 538 1454 oc
573 1401 683 1454 temere
715 1396 860 1463 (licentur,
891 1394 912 1428 ⁷⁴
926 1395 1061 1454 venenosi

90 1537 94 1547 s
189 1493 359 1566 Epicurum,
383 1495 458 1552 etin
483 1511 583 1552 eorum
604 1495 732 1566 ipsorum
755 1494 935 1566 numerosis
958 1495 1062 1570 quibus

189 1591 263 1652 hoec
288 1593 420 1668 quaestio
441 1598 495 1660 est,
517 1593 851 1652 neminemneminer
873 1593 957 1652 enirn
978 1594 1064 1662 vislit,

188 1692 312 1764 primum
331 1709 397 1763 esse
422 1693 503 1758 deos,
526 1693 603 1766 qsroll
629 1690 662 1750 in
681 1691 813 1752 omnium
833 1691 940 1750 animis
961 1707 1063 1750 eornm
1138 1693 1139 1698 ’

187 1791 338 1848 notionem
361 1791 555 1866 impressisset¹
567 1792 631 1866 ipss
651 1795 762 1850 nature.
805 1793 889 1864 Qme
914 1796 960 1850 est
980 1791 1060 1850 enirn

190 1905 272 1962 gens,
282 1893 332 1946 ant
342 1889 418 1964 quod
434 1897 527 1967 gentis
540 1890 699 1958 hominum
711 1893 788 1966 quod
802 1908 862 1949 non
877 1890 984 1950 hebent
997 1891 1061 1949 sine
1148 1907 1149 1910 ’

186 1986 320 2046 doctrine
348 1987 591 2060 anticipationem
621 1991 768 2064 quendam
793 1987 940 2048 deornm?
973 2006 1058 2064 quern

186 2090 314 2158 appellat
329 2083 457 2166 sponsio
471 2089 622 2160 Epicurus,
637 2090 667 2148 isl
687 2095 741 2156 est,
755 2095 943 2164 anteceptam
961 2089 1061 2146 animo

187 2187 228 2244 rei
249 2190 393 2263 qnondam
417 2188 661 2255 informationem,
689 2189 831 2264 sineque
854 2203 909 2247 nec
933 2185 1064 2261 intelligi

186 2287 421 2360 quidquamnec
440 2288 549 2362 quaeri,
572 2305 629 2346 neo
656 2287 797 2360 ‹lispntsri
820 2292 925 2360 potest.
967 2287 1060 2359 Cujus

186 2385 307 2442 rationis
320 2386 381 2443 vim
395 2392 481 2461 utque
499 2387 658 2450 utilitatem
672 2405 712 2444 ex
727 2388 779 2444 illo
792 2387 915 2444 coelesti
929 2386 1060 2460 Epicuri,

136 2487 174 2549 li
186 2486 223 2542 sle
249 2488 347 2558 regula
374 2492 404 2543 ct
424 2487 548 2559 judicio,
570 2487 719 2544 volumine
743 2487 921 2559 occepimus.
973 2487 1060 2558 Quod

186 2582 273 2666 igitur
285 2585 505 2654 fundamentum
515 2586 600 2658 hujus
614 2586 791 2659 quaestionis
806 2592 860 2651 est,
872 2587 901 2642 isl
912 2587 1061 2658 praeclare

180 2684 297 2756 jactum
313 2685 428 2741 videtis.
471 2685 546 2741 Cum
561 2684 642 2742 enim
662 2703 721 2740 non
741 2683 875 2742 instituto
889 2683 996 2757 aliquo,
1009 2688 1061 2742 out

186 2801 276 2853 more,
290 2789 340 2841 ant
360 2786 425 2858 lege
449 2783 488 2840 sit
505 2783 607 2856 opinio
633 2784 802 2850 constituta,
829 2788 1001 2856 moneatque
1023 2783 1061 2838 nd

187 2901 276 2940 unum
289 2882 419 2940 omnium
433 2883 514 2940 firma
527 2883 704 2940 consensio:
727 2882 856 2953 intelligi
870 2899 992 2938 necesse
1005 2884 1060 2948 est,

186 2955 253 3038 esse'
266 2983 344 3040 deos.
365 2981 502 3056 quonism
515 2981 621 3038 insitas
640 2999 749 3047 eorum,
763 2983 810 3053 pel
834 2979 927 3052 potius
943 2979 1060 3038 innotus

185 3081 369 3155 cognitiones
385 3081 531 3140 habemus.
574 3081 622 3136 lle
634 3098 691 3152 quo
701 3087 798 3138 entem
811 3081 943 3136 omnium
957 3084 1060 3136 notum

185 3179 341 3245 consentit,
352 3178 383 3235 id
392 3195 494 3235 verum
508 3195 571 3234 esse
587 3196 706 3234 necesse
718 3197 790 3234 esse.
822 3180 896 3236 Esse
911 3165 998 3250 igitur
1011 3179 1060 3232 tle-

186 3295 218 3336 os
233 3279 429 3338 confitendum
444 3282 498 3334 est.
541 3277 625 3348 Quod
640 3277 843 3352 quoniamiere
858 3283 974 3336 constat
984 3277 1061 3342 inter

215 3452 238 3486 '¹⁴
252 3453 356 3499 senensi
371 3453 414 3510 m.
425 3477 434 3486 ·
445 3454 463 3515 ·]
480 3471 508 3504 es
526 3451 630 3500 conmori
649 3451 764 3512 explicant
781 3452 912 3514 sequentis;
931 3453 991 3499 male
1008 3451 1057 3510 Mn

186 3516 261 3565 Guclt‘.
272 3519 408 3566 uulnerare:
423 3519 462 3565 sed
472 3518 495 3566 in
505 3517 604 3578 margine
623 3531 665 3580 pro
682 3531 730 3565 ser.
744 3519 795 3566 lect.
806 3523 841 3570 est
850 3517 962 3566 meurs
