2538 4188
481 334 579 384 uranu
597 334 749 388 rnurrus.
960 345 1026 410 455

160 485 290 554 haberet,
317 483 347 543 iu
371 487 441 542 aute
464 483 543 542 diem
566 490 677 543 certam
704 483 725 518 ¹⁴
735 483 766 544 in
791 501 874 544 sunm
895 490 1029 566 quotque

158 585 257 644 tanum
269 583 394 641 referret.
409 583 451 640 ita
466 585 503 641 art
517 585 699 656 impietatem
712 585 743 642 in
757 587 836 654 deos,
848 589 878 645 in
901 588 1029 648 hominis

159 684 293 758 adjunxit
307 681 451 757 injuriam.
494 684 581 740 Hune
596 685 683 759 igitur
697 704 752 744 nec
770 687 923 762 Olympius
947 690 1029 764 Jupi·
1039 691 1084 754 35

158 784 331 843 tertulmine
347 775 497 856 percussit]
511 801 566 841 nec
581 785 774 859 Aesculapius
796 787 908 855 misero,
922 787 1029 847 diutur-

158 901 254 960 noque
282 887 382 940 morbo
411 886 610 940 tabescentem
635 885 804 942 interemit:
825 891 910 961 atque
930 887 962 944 in
975 904 1030 946 sun

156 985 267 1042 lectulo
280 989 417 1050 mortuus,
436 981 456 1014 ¹⁵
467 983 499 1040 in
522 984 719 1058 'l'ympanidis
738 1001 837 1058 rogum
852 987 950 1042 iltutus
963 990 1027 1044 esta

157 1099 279 1158 eamque
294 1088 477 1156 potestatem,
491 1100 577 1158 quarn
592 1084 653 1156 ipse
665 1085 825 1156 persuetus
839 1090 902 1141 erat
916 1092 1029 1155 nactus,

156 1180 238 1258 quasi
252 1182 364 1256 Justam
377 1187 407 1239 et
421 1183 591 1256 tegitimunr‚
608 1181 782 1241 hereditatis
806 1185 873 1241 tono
897 1184 959 1241 filio
973 1191 1028 1242 tra·

156 1282 241 1340 didit.
283 1281 383 1340 lnvita
409 1280 441 1339 iu
470 1284 525 1340 hoc
548 1285 614 1340 tono
638 1289 770 1340 versatur·
796 1284 897 1341 oratio.
912 1284 1028 1342 videtur

156 1385 236 1440 enim
250 1382 452 1439 anctoritatem
472 1383 573 1440 afferre
592 1383 746 1462 peccandi.
767 1393 847 1441 recte
863 1384 1026 1453 videremur

155 1481 213 1539 uisi
227 1487 257 1538 et
272 1480 397 1548 virtutis,
411 1489 441 1538 st
462 1482 607 1550 vitiorum,
628 1482 693 1540 sine
707 1484 766 1539 utta
781 1482 882 1539 divina
904 1482 1026 1552 ratione,
1129 1493 1131 1497 '

153 1597 244 1655 grave
258 1581 347 1653 ipsius
361 1581 561 1637 conscientiae
586 1582 697 1655 pondus
719 1586 805 1638 esset.
820 1598 877 1655 qua
901 1581 1026 1648 sublata,

147 1677 252 1751 jacent
266 1678 372 1734 omnia.
415 1679 456 1736 Ut
477 1681 557 1736 enirn
582 1698 637 1737 nec
658 1681 769 1746 domus,
789 1696 844 1736 nec
859 1679 1025 1750 respublica

153 1777 266 1836 ratione
280 1779 403 1852 quadam
415 1782 444 1834 et
458 1779 615 1852 disciplina
629 1779 782 1852 designata
797 1776 939 1844 videatur,
953 1777 979 1835 si
993 1777 1025 1836 in

154 1892 190 1932 ea
205 1893 260 1934 nec
282 1884 363 1934 recte
383 1873 468 1935 tueris
484 1880 611 1951 praemia
631 1879 832 1944 sustentatis,
848 1893 904 1936 nec
918 1875 1025 1950 suppti-

153 1974 201 2032 cia
216 1976 363 2048 peccatis:
385 1977 405 2010 ¹³
415 1979 458 2035 sic
479 1979 579 2035 muntii
593 1978 695 2036 diviua
707 1978 738 2035 iu
750 1977 882 2058 hpmines
896 1976 1025 2034 modera-

154 2071 197 2130 tin
218 2074 349 2146 protecto
363 2079 442 2133 nutta
456 2082 510 2142 est,
524 2077 550 2132 si
564 2076 596 2134 in
616 2093 652 2133 en
671 2071 830 2134 discrimen
845 2077 957 2133 nultum
979 2077 1025 2132 est

153 2173 294 2230 bonorum
308 2176 500 2232 etmalorum.
592 2235 605 2264 ο

195 2274 237 2342 At
251 2275 330 2330 enirn
341 2273 452 2330 minora
467 2273 509 2330 dii
522 2273 682 2347 negligunt,
697 2290 790 2350 neque
805 2270 1024 2346 agetius-siugu-

153 2373 256 2436 lorum,
270 2387 325 2428 nec
342 2369 477 2426 viticulas
501 2376 724 2442 persequuntur:
745 2389 810 2436 nec,
827 2371 852 2427 si
866 2372 1025 2435 uredn‚nut

152 2472 264 2545 grando
287 2467 435 2545 quippiam
459 2469 569 2535 nocuit,
590 2467 619 2524 id
640 2467 711 2524 tovi
732 2466 1025 2528 animadvertendum

153 2568 215 2628 tuit.
258 2571 305 2628 Ne
318 2568 349 2626 iu
374 2567 470 2641 regnis
494 2569 611 2644 quidem
632 2584 713 2640 reges
726 2566 824 2622 omnin
839 2557 960 2621 m'inimu
974 2582 1024 2624 cu·

152 2673 227 2726 rant
241 2667 286 2726 sic
300 2667 381 2726 eninr
395 2667 505 2734 dicitis,
518 2667 600 2744 quasi
614 2683 669 2740 ego
684 2667 780 2738 pauno
794 2670 862 2720 unte
876 2663 913 2721 de
934 2663 1023 2722 tund·

182 2821 205 2856 ¹⁴
220 2821 330 2895 iuuenum·
342 2823 444 2896 quotque
454 2821 551 2894 sunam]
566 2819 627 2867 edidi
642 2819 795 2889 pindari-apro
811 2818 904 2888 vulgatu
917 2817 1022 2888 quidque.
1088 2787 1091 2793 Ι

154 2881 214 2942 quod
223 2883 277 2928 olrrn
290 2884 408 2930 iatrurtatn
419 2889 527 2936 ratrnnem
583 2881 658 2926 tulare
667 2879 759 2934 ereum,
769 2882 819 2939 post
827 2882 879 2923 stru
890 2877 950 2924 tibur
959 2891 1024 2939 repe·

153 2940 183 2997 ri,
198 2949 223 2988 ut
233 2939 257 2988 in
267 2941 301 2988 ed.
316 2941 366 2990 Ven
387 2945 447 2990 rrm.
460 2940 557 2988 Medio.
571 2939 624 2986 Atd.

185 3019 207 3052 ¹⁵
220 3019 247 3066 iu
267 3019 415 3078 Tupupuutdr's
436 3035 517 3078 rugum
536 3019 615 3066 illatus
631 3019 680 3122 ert]
712 3015 860 3078 wmpnuictir
878 3029 958 3062 nomeu
975 3027 1024 3062 esse

154 3077 267 3130 titionum,
277 3095 353 3126 ornnes
362 3080 513 3126 corissutinnt:
533 3079 555 3124 in
565 3077 665 3135 corrigen
682 3090 697 3122 ο
713 3077 778 3122 vaide
791 3077 907 3132 fluctuant,
927 3089 967 3120 use
977 3075 1024 3121 sine

153 3135 217 3184 libris
228 3139 355 3186 melioribus
365 3139 481 3199 quicquam
491 3137 546 3183 uerti
564 3135 657 3183 inveniri
674 3141 755 3196 potest.
787 3135 932 3190 Coniecturae
941 3133 1032 3178 reterre⁴

150 3195 212 3244 nihil
232 3197 322 3244 attinet.
354 3196 515 3244 Recentissima
533 3202 568 3242 est
587 3195 622 3240 Gi.
641 3197 718 3240 (tauns
735 3194 799 3240 ieteri
815 3193 920 3240 tteNotis
938 3207 958 3254 p.
971 3196 1022 3240 317.

152 3269 233 3304 nerum
244 3257 309 3302 ctiam
318 3255 460 3312 impunitae:
477 3255 535 3316 quod
554 3253 626 3300 simite
635 3261 669 3299 est
680 3253 720 3299 Tri
732 3253 817 3298 ieriuuo
836 3252 859 3297 iu
878 3251 932 3298 obs.
951 3265 973 3311 p.
985 3253 1021 3297 66.

152 3315 201 3362 otu
210 3315 344 3372 impunitus.
351 3330 390 3360 eur
397 3329 440 3362 non
456 3312 718 3374 rinpticitrrtmpnrn'tur
727 3312 752 3358 tu
763 3327 794 3358 rc.
806 3325 824 3358 e.
834 3311 851 3357 i.

184 3393 206 3425 ¹⁶
221 3391 465 3439 sirmundidiniuuirr
482 3393 579 3439 uuna
597 3390 733 3450 murmur]
767 3388 870 3437 Davisius
889 3386 959 3434 deteri
974 3386 1024 3434 vutt

152 3450 244 3506 ruuurlr'.
258 3451 364 3498 Buherius
373 3451 399 3497 irr
407 3451 510 3499 inuium.
523 3451 597 3498 mutim
608 3450 671 3500 ittnd.
681 3450 699 3495 ri
711 3455 785 3496 tannen
799 3449 931 3494 atterutrum
947 3447 1023 3492 deien-

153 3509 215 3556 dum.
226 3512 265 3557 sed
285 3517 358 3572 potest
374 3512 465 3567 vutpatu
480 3511 511 3556 sic
528 3511 604 3571 accipi.
623 3517 646 3554 ut
666 3507 759 3568 primum
779 3508 880 3554 universa
897 3504 1027 3552 rnutterutin

153 3567 233 3615 divina
247 3569 385 3626 inteitigstnr
397 3568 418 3616 in
438 3571 543 3615 muudum
562 3583 594 3618 rc.
603 3567 830 3626 nntvsrrnnaetnue
846 3565 967 3629 separatim
976 3565 1024 3623 eius

152 3639 215 3686 pars,
225 3642 283 3688 quae
293 3629 321 3676 ad
332 3627 430 3676 homiues
446 3629 551 3690 pertinet.
