2548 4208
466 327 733 387 monuimus.
960 258 1043 402 ᾗ,

165 499 238 545 eum
260 481 401 544 miserum
423 479 548 540 ‹liosrel
575 481 672 557 qualis
693 479 783 556 igilur
801 477 858 540 isle
870 479 948 541 boue
967 487 1045 556 sunl,

167 603 245 662 quoe
266 584 316 661 qui
331 584 447 650 hubert,
469 582 645 640 miserrimus
670 597 735 638 esse
749 578 863 656 possit?
883 581 1045 652 videamus,

168 701 219 756 ue,
234 693 266 744 ut
280 701 404 743 suerrus
418 701 457 741 ex
482 685 526 741 sui
540 684 657 758 generis
679 684 787 759 granis,
811 684 856 742 sio
880 685 966 742 beslu
982 685 1046 744 viis

168 803 211 845 ex
225 786 271 844 sui
284 783 427 842 similibus
450 784 578 859 pultibus
595 784 679 842 effioi
699 785 816 842 debeat.
858 784 944 856 Quod
957 783 984 842 si
1003 784 1046 843 ils

168 891 234 943 esi:
255 901 294 942 ex
308 885 400 952 bouis,
420 899 494 960 quse
517 887 581 942 solu
601 885 724 942 honesto
744 889 821 951 sunl,
844 879 1045 942 ‘efficiendus

168 989 218 1042 est
232 985 340 1042 beatus.
354 1002 389 1042 es
409 985 502 1043 mixtu
520 1003 559 1044 ex
572 983 762 1042 dissimilibus
777 983 804 1039 si
817 987 920 1050 eruut3
941 982 1045 1040 hones·

167 1085 234 1140 lum
258 1101 297 1141 ex
320 1084 365 1142 liis
386 1085 464 1142 effici
485 1084 559 1142 nihil
585 1083 701 1158 polerit.
726 1099 782 1158 quo
810 1083 951 1148 detracto,
975 1080 1045 1155 quid

169 1182 280 1258 polerit
294 1186 411 1250 beslum
429 1181 581 1259 intelligi?
601 1184 713 1240 etenim
736 1181 875 1257 quidquid
898 1186 952 1248 est,
966 1179 1044 1256 quod

169 1281 280 1342 bouum
291 1283 338 1350 sit,
352 1283 382 1340 irl
403 1285 600 1357 expetendum
614 1288 675 1339 est:
697 1283 772 1357 quod
787 1288 885 1340 sutem
905 1287 1045 1356 expeleu·

168 1381 250 1453 (lum,
269 1384 299 1440 id
317 1373 400 1442 uerte
425 1384 659 1456 spprulsundum:
681 1383 755 1456 quod
784 1393 854 1440 vero
867 1382 1045 1456 approberis,

167 1481 203 1540 id
223 1489 336 1556 grsluus
357 1487 567 1556 sumptumque
588 1483 762 1538 habendum.
784 1499 854 1556 ergo
874 1483 964 1539 elium
984 1483 1047 1556 slig-¹

166 1581 249 1641 slilss
263 1582 292 1639 ei
312 1581 466 1639 tribuendo
486 1588 540 1640 est.
561 1581 678 1656 quodsi
692 1583 734 1638 itu
757 1589 819 1639 esl:
840 1582 986 1638 laudabile
1006 1581 1046 1640 sil

168 1691 295 1738 neeesse
319 1687 372 1738 est.
395 1683 502 1739 borium
520 1680 612 1756 igilur
636 1697 725 1738 omne
747 1681 900 1738 laudabile.
922 1700 960 1740 ex
987 1695 1068 1756 quo.

169 1779 306 1848 efficitur,
319 1781 501 1856 ul‚quorlsit
524 1781 688 1848 horreolum,
711 1781 740 1838 id
754 1782 792 1838 sit
813 1783 906 1840 sulum
927 1784 1044 1842 bonum.

168 1879 259 1953 Quod
272 1880 303 1938 ni
318 1880 359 1938 ils
373 1882 554 1940 tenebimus:
575 1883 665 1939 mulis
677 1886 770 1949 eruut,
780 1899 854 1956 quse
869 1881 952 1940 nobis
967 1884 1044 1940 bons
1057 1895 1097 1956 16

167 1979 297 2038 dicendo
320 1981 396 2037 siut:
430 1981 534 2039 omillo
561 1979 701 2040 divitius:
737 1999 817 2059 quse,
844 2000 912 2041 oum
936 1983 1044 2058 quivis,

167 2079 303 2154 quemvis
316 2081 461 2158 indignus,
472 2083 581 2140 lrsbere
591 2081 690 2155 possit,
698 2082 730 2140 iu
743 2083 826 2140 bouis
841 2099 900 2140 nou
914 2099 1044 2140 numeru.

167 2179 246 2254 quod
260 2179 340 2238 euim
353 2185 399 2238 est
414 2183 529 2252 bouum,
543 2184 574 2241 id
593 2201 653 2241 nou
676 2182 773 2258 quivis
797 2183 904 2240 hebere
928 2186 1044 2256 potesis

168 2279 275 2336 omltlo
289 2269 481 2349 nobilitatem,
502 2284 666 2359 samumque
688 2287 868 2358 popularem,
892 2283 1045 2340 stultorum

168 2375 422 2452 improborumque
448 2397 594 2438 consensu
621 2385 793 2440 excitatum.
848 2381 942 2447 fiseo,
968 2371 1044 2455 uuus

169 2482 238 2535 sunl
254 2477 382 2545 minime,
396 2481 495 2535 tumen
509 2481 586 2536 bono
599 2479 736 2538 dieantur
748 2497 871 2537 neeesse
893 2484 955 2538 esl:
976 2498 1045 2540 esu·

169 2574 265 2634 (liduli
278 2576 391 2641 dentes,
405 2577 521 2634 venusii
529 2577 618 2646 oeuli,
630 2577 829 2646 columnerio,
841 2582 870 2634 el
884 2594 929 2645 es,
939 2575 960 2608 ⁵⁰
970 2595 1045 2652 quse

171 2673 320 2749 Euryclea
354 2675 453 2732 leudsl
469 2674 584 2750 'Ulyssi
611 2680 700 2752 pedes
724 2679 857 2746 abluens,
882 2675 901 2710 ⁵¹
923 2673 1045 2734 orendo

169 2771 319 2843 mulionis,
329 2771 474 2832 owllilodo
487 2773 621 2852 eorporis.
636 2793 672 2833 eu
685 2777 712 2833 si
725 2779 802 2836 boue
815 2779 965 2844 dommus,
976 2776 1045 2851 quid

169 2876 229 2935 erit
242 2875 274 2933 iu
298 2875 465 2950 philosophi
478 2874 634 2951 gravitate,
647 2891 734 2950 qusm
747 2875 779 2935 iu
794 2877 876 2952 vulgi
894 2875 1045 2950 opinions,

202 3031 226 3064 ¹⁰
240 3030 367 3092 efficimus
377 3031 510 3094 orimus]
542 3030 579 3079 sio
589 3031 723 3080 Ms.Guell.
740 3034 809 3080 recle.
840 3029 963 3090 Vulgalum
980 3029 1046 3092 effici

165 3091 256 3139 endum
266 3094 296 3137 ert
303 3091 396 3148 lulum,
405 3097 488 3138 rectum
495 3105 540 3138 nou
550 3099 592 3151 est,
603 3091 625 3139 iu
635 3093 774 3154 quoleulum
783 3097 840 3142 esset
850 3091 1045 3154 probsstitudiue,

169 3153 235 3212 quod
247 3152 271 3198 h.
282 3151 298 3198 l.
309 3150 375 3198 simis
385 3151 511 3210 graminei.

205 3231 227 3265 Μ
273 3245 298 3276 ue
309 3229 422 3292 Anticles]
439 3246 474 3279 res
484 3229 582 3293 perliuet
591 3246 635 3280 nou
650 3232 679 3279 sd
697 3232 823 3280 Anticleum
838 3233 931 3278 mairem
949 3229 1045 3290 Ulyssis,

174 3290 215 3340 ssd
248 3291 370 3349 uryclsom,
381 3303 439 3351 quse
448 3292 506 3352 apud
517 3291 640 3339 Homerum
650 3292 724 3339 abluit
734 3291 811 3349 Ulyssi
821 3292 897 3353 pedes,
907 3289 979 3338 uulsis
989 3291 1043 3349 ejus.

173 3349 251 3411 iisque
260 3349 351 3413 quidam
360 3351 472 3410 corrigunt
491 3351 618 3410 Eurycleus
641 3352 659 3398 si
669 3351 773 3400 Aulislru
788 3365 865 3398 verum
880 3357 921 3404 est,
939 3350 1046 3397 memorie

169 3407 249 3470 'lapsus
259 3417 293 3456 est
309 3409 397 3457 Cicero.
430 3409 551 3458 Enimvero
560 3412 613 3484 quis
623 3413 674 3460 edd.
685 3417 742 3460 vett.
754 3416 779 3458 ul
790 3411 881 3469 luntas.
898 3409 952 3459 sldi
962 3409 1046 3460 mbrrt

172 3467 297 3526 Euryclea.
309 3470 332 3517 id
343 3471 411 3517 edere
420 3483 464 3518 nou
475 3470 583 3519 dubitavi.
811 3482 812 3486 ’

201 3545 222 3581 ⁸¹
237 3547 366 3598 unitum.
377 3549 524 3614 marmoris]
543 3553 578 3598 est
587 3563 664 3604 versus
673 3563 687 3602 s
696 3550 789 3604 Psuurii
799 3549 896 3616 Niptris.

216 3643 354 3694 roms.
571 3635 610 3693 2ο
