2552 4208
472 321 765 375 Lmuusecttttittta.
997 331 1059 392 100

186 475 340 543 immanes,
353 473 429 532 tarro
446 473 598 532 decertare
611 473 752 532 noemma
765 475 896 548 poemat,
908 477 1060 550 aegrotare

186 575 312 634 viriiiter
332 591 391 632 non
419 579 537 648 queunt,
578 572 688 631 Graeci
715 573 813 630 antem
834 572 977 643 homines,
999 591 1060 634 noa

184 675 259 733 ratio
273 671 407 740 animosi,
421 672 586 746 prudentae,
606 677 639 730 nt
658 677 703 730 eat
722 677 824 747 captur
845 673 1003 742 hominum,
1017 691 1061 732 aa·

186 773 234 842 tia,
248 775 362 832 hostem
382 771 533 845 adepioere
553 789 612 830 non
627 777 756 846 porram,
769 771 859 830 iidem
884 775 998 830 morbos
1019 778 1061 830 to·

185 877 413 947 teraoteratque
428 873 554 930 humane
577 871 682 930 tarnat.
725 873 767 930 At
782 871 896 930 otmari
916 877 948 929 et
968 871 1061 930 celti-

186 971 250 1030 beri
276 970 308 1028 in
334 971 453 1046 proeliis
472 973 631 1038 exsultant,
660 973 858 1030 lamentantur
877 969 909 1028 in
939 972 1060 1028 morbor

184 1071 262 1134 nuit
275 1069 354 1128 enim
368 1076 463 1144 potent
476 1087 541 1128 eaeo
560 1070 725 1145 aequabite,
748 1069 825 1144 quod
850 1057 909 1126 non
933 1086 952 1126 a
978 1074 1061 1128 uerte

185 1169 300 1228 ratione
309 1170 515 1244 protioiaaatnr.
558 1171 619 1227 Sed
632 1187 700 1227 aum
714 1169 827 1236 videar,
847 1165 936 1235 ''eoa
947 1168 997 1244 qui
1010 1173 1062 1228 aut

184 1269 291 1339 etudio,
311 1275 361 1326 ant
373 1269 512 1344 opinione
522 1269 676 1335 ducantur,
691 1267 722 1326 in
737 1285 774 1326 eo
786 1269 996 1343 peraequendo,
1018 1271 1060 1326 at·

179 1369 241 1444 *qua
261 1369 455 1444 adipiaaando
475 1369 575 1431 dolore
589 1387 648 1425 non
669 1367 779 1442 frangi3
798 1365 937 1426 ¹'debeas
958 1353 1062 1425 existi·

185 1485 264 1534 mare
291 1473 423 1534 autnon
448 1485 513 1524 esee
538 1469 655 1534 matum,
681 1469 822 1534 dolorem,
851 1474 909 1536 ant,
935 1468 1062 1536 etiamsi,

186 1567 324 1644 quidquid
338 1583 481 1640 asperum,
495 1565 680 1639 alienumque
695 1571 795 1622 natura
807 1566 855 1633 ait,
876 1566 905 1622 id
920 1567 1061 1639 appellari

184 1669 303 1750 placeat
315 1667 433 1734 malum,
447 1665 590 1724 tantulum
605 1669 703 1722 tamen
723 1681 798 1732 ease,
811 1671 842 1720 ut
858 1681 875 1720 a
896 1664 1004 1721 virtute
1019 1665 1061 1722 ita

184 1767 329 1834 obruatur,
344 1770 375 1824 ut
389 1780 530 1840 nusquam
544 1769 693 1838 appareat.
714 1781 788 1838 qnae
804 1763 955 1826 meditare,
975 1779 1061 1839 quae·

184 1882 227 1934 ao,
240 1866 304 1924 dier
315 1870 345 1924 et
360 1871 472 1924 noctae.
488 1863 574 1923 latiur
588 1864 668 1922 anim
689 1863 818 1921 manabit
840 1863 916 1922 haee
931 1863 1014 1932 ratio,
1029 1867 1062 1921 et

185 1965 336 2040 aliquanto
349 1966 489 2039 majorem
504 1966 609 2030 tooum,
620 1981 705 2038 quam
726 1966 763 2021 de
778 1981 836 2021 uno
850 1965 960 2030 dotore,
975 1981 1061 2022 oeou·

185 2064 275 2138 pabit.
296 2081 365 2124 nam
391 2065 417 2123 ai
438 2063 537 2123 omnia
561 2061 717 2137 fugiendae
738 2065 934 2138 turpitudinis,
955 2065 1061 2139 adipio·

185 2166 354 2240 candaeque
368 2163 531 2222 honentatis
544 2181 633 2220 aenea
655 2163 806 2231 faciemus,
821 2183 880 2222 non
905 2167 991 2222 modo
1011 2164 1062 2221 ati·

186 2265 280 2321 mutos
292 2264 410 2330 doloris,
426 2265 477 2320 aed
492 2262 582 2319 etiam
606 2261 729 2319 fulmina
744 2263 876 2321 fortunae
890 2267 1061 2321 contemna-

186 2377 248 2417 mur
262 2361 373 2429 licebit,
384 2361 551 2434 praesertim
573 2377 639 2417 oum
655 2367 784 2434 paratum
798 2362 835 2419 eit
858 2363 930 2419 iitnd
945 2381 983 2419 ex
998 2363 1061 2420 hea-

188 2461 271 2512 terna
293 2457 491 2528 disputatione
523 2458 691 2531 perfugium.
743 2461 786 2516 Ut
814 2461 893 2518 enim
926 2459 983 2519 ”ei
1007 2461 1058 2519 cui

188 2554 352 2627 naviganti,
382 2572 468 2628 quem
488 2559 648 2628 praedones
676 2557 873 2631 insequantur,
899 2561 971 2616 deus
994 2561 1058 2634 quie

187 2651 304 2719 dixerit,
323 2651 410 2726 Ejiae
425 2657 454 2708 te
475 2653 564 2710 navi:
585 2659 701 2727 praesto
725 2661 778 2722 eet,
793 2656 842 2729 qui
857 2657 996 2730 excipiat,
1011 2659 1060 2714 vet

185 2751 351 2827 delphinus,
372 2754 404 2808 ut
421 2749 562 2808 Arionem
587 2751 840 2823 Methymnaeam,
856 2756 903 2810 vet
918 2755 985 2828 equi
1006 2755 1060 2811 Pa-

184 2850 260 2926 lopis
274 2851 319 2908 itti
334 2848 488 2925 Neptunii,
509 2848 559 2924 qui
582 2865 634 2922 per
652 2849 744 2905 undae
763 2847 783 2880 ¹⁵
794 2865 892 2907 curma
906 2869 1061 2924 anapeueoa

215 3005 237 3040 ¹²
251 3020 292 3060 aar,
302 3003 342 3065 pai
356 3008 396 3052 arat
413 3001 722 3072 studiaaatep.ducaatur.1
754 2999 851 3049 Videtur
865 3002 888 3050 in
903 3003 1012 3068 prineipIo
1021 3007 1062 3053 nii·

185 3064 238 3120 quid
248 3066 339 3111 demae:
355 3071 418 3110 certe
428 3079 471 3109 non
482 3063 535 3110 antia
546 3061 637 3108 definite
648 3061 688 3107 hoe
698 3063 782 3107 drotum
793 3063 897 3110 videatur
916 3066 955 3123 qai
964 3070 1004 3112 «raet
1014 3071 1062 3113 atu-

184 3124 311 3180 dfoaatop.
322 3123 425 3172 dueatur.
439 3137 482 3169 non
499 3123 578 3168 addita
594 3135 625 3167 re.
652 3121 699 3168 Ma.
712 3121 766 3169 Vat.
785 3122 913 3170 trabearum
924 3125 1003 3178 niden,
1019 3140 1061 3184 pato

185 3182 235 3242 paria
244 3199 264 3229 a.
277 3188 302 3229 rt.
313 3197 333 3228 a.
346 3199 367 3229 a.
378 3184 483 3240 duratur,
493 3181 569 3228 malim
586 3180 820 3242 mandaretque·
835 3197 877 3244 pua
892 3185 1061 3245 armaretque·
1123 3231 1132 3236 ,

186 3243 257 3288 studio
266 3257 317 3300 prro,
327 3249 370 3289 ete.

214 3319 234 3352 ¹⁸
248 3321 324 3368 dedam
334 3319 479 3382 existimare]
512 3319 617 3368 Daritim
625 3317 695 3366 edidit
707 3319 777 3366 daber.

213 3397 235 3431 ¹⁴
249 3400 269 3445 η’
279 3399 317 3446 ruf
326 3399 451 3458 naviganti,
459 3401 577 3455 praedones
588 3399 643 3460 ina]
678 3399 736 3448 uda.
749 3405 804 3446 vett.
816 3414 878 3459 paam
886 3401 1058 3458 praemetiris.

185 3469 297 3518 proquam
308 3460 426 3518 tegendum
438 3473 514 3517 paam.

185 3538 236 3644 40¹⁵
250 3551 334 3585 carras
343 3539 463 3600 suspensor]
481 3551 509 3584 aa.
522 3536 546 3584 in
562 3551 648 3584 rumina
669 3551 734 3597 aqua,
746 3545 827 3586 utnon
841 3547 992 3600 mergerentur
1007 3557 1061 3604 pon-

216 3611 240 3642 re
250 3611 298 3642 suo.

224 3695 296 3737 rou.
318 3695 371 3738 xv.
431 3675 444 3686 “
501 3663 508 3671 ’
622 3678 658 3733 10
