2552 4208
220 354 289 465 'ibi
445 391 579 446 'fusellis
594 389 838 448 QUAESTIONUM

223 563 285 615 eos,
296 545 345 621 qui
357 543 439 608 nohis
453 544 593 604 carissimi
605 563 668 603 esse
683 545 817 613 debeant,
828 559 921 621 aeque
934 553 1097 605 concanae·

224 647 315 721 liquos
341 650 487 704 amemus:
517 642 584 703 ²”ut
612 663 683 703 vero
714 647 788 718 plus,
809 645 871 704 lieri
900 645 982 704 unllo
1008 650 1099 718 pacto

224 752 383 822 potestne
404 745 562 819 optandum
581 745 698 820 quidem
722 753 765 802 est
779 745 811 802 iu
831 744 972 814 amicitia,
992 750 1024 802 ut
1047 761 1095 804 me

224 845 276 904 ille
291 848 362 918 ptus,
383 862 469 920 quam
489 862 531 912 se,
545 862 600 919 ego
621 845 702 902 illum
723 847 797 918 plus,
811 861 896 919 quam
918 862 974 902 me.
989 849 1097 919 pertus⁴

223 945 304 1003 balio
318 946 407 1015 vitae,
421 944 447 1002 si
460 945 501 1002 ita
516 944 563 1012 sit,
584 951 671 1020 atque
691 944 854 1003 officiorum
874 943 1014 1013 omnium,
1027 961 1097 1004 oon*

171 1034 214 1098 80
224 1050 366 1120 sequatur.
409 1045 469 1103 Sed
484 1046 521 1100 sle
537 1045 592 1101 hoc
607 1043 689 1101 alias.
705 1061 782 1102 nuno
798 1043 870 1100 illud
885 1043 955 1100 satis
970 1051 1021 1114 est,
1036 1061 1096 1102 non

223 1143 380 1203 attribuere
401 1145 437 1201 aal
462 1143 650 1202 amissionem
671 1144 839 1210 amicorum,
860 1143 1007 1200 miseriam
1032 1159 1097 1200 uos·

222 1248 307 1312 tram,
331 1261 369 1302 ne
397 1243 463 1302 illos
485 1246 557 1317 plus,
578 1260 664 1318 quam
691 1243 748 1316 ipsi
772 1244 876 1311 velint,
901 1243 925 1300 si
947 1242 1097 1300 sentiant:

224 1345 289 1418 plus
302 1347 393 1409 certe,
412 1360 497 1419 quam
518 1342 722 1416 nosmetipsos,
744 1344 908 1418 diligamus.
929 1359 996 1400 nam
1020 1342 1097 1416 quod

223 1441 315 1516 ajunt,
337 1443 487 1517 plerosque
507 1441 758 1500 consolationibus
778 1441 851 1500 uitril
873 1441 976 1512 levari,
996 1441 1098 1516 aaljun·

223 1549 362 1616 quotque,
376 1543 574 1600 consolatores
594 1540 673 1616 ipsos
687 1541 820 1600 confiteri
834 1559 866 1600 se
887 1541 1016 1608 miseros,
1030 1558 1098 1600 oum

222 1648 261 1706 ad
276 1665 325 1705 eos
338 1647 478 1722 impetum
492 1665 574 1706 suum
590 1648 703 1706 fortuna
718 1648 917 1706 converterit:
946 1657 1097 1723 utrumque

220 1747 401 1806 dissolvitur.
425 1753 494 1806 srrut
515 1748 598 1806 ¹enim
623 1749 679 1805 iata
704 1766 765 1806 non
786 1753 906 1806 naturas
934 1747 1029 1815 vitia„
1044 1747 1098 1806 sed

222 1848 337 1919 culpae.
358 1846 510 1903 stultitiam
539 1853 636 1904 autem
656 1863 795 1904 accusare
820 1847 954 1921 quamvis
977 1847 1097 1920 copiose

222 1945 304 2004 licet.
329 1962 396 2002 nam
420 1950 451 2001 et
478 1944 526 2019 qui
554 1963 614 2004 non
635 1948 780 2014 levantur,
809 1945 866 2018 ipsi
889 1947 926 2004 ad
951 1946 1098 2006 miseriam

223 2042 373 2102 invitante
401 2048 431 2101 et
456 2043 504 2119 qui
529 2062 596 2101 suos
623 2062 708 2103 casus
732 2046 818 2103 aliter
846 2045 950 2111 lerunt,
979 2043 1100 2122 ²‘atque‘

137 2171 138 2176 ¹
223 2150 359 2202 auctores
373 2143 440 2200 aliis
463 2144 655 2217 insiluerunt,
670 2162 728 2203 non
742 2150 809 2202 sunt
824 2143 999 2212 vitiosiores,
1013 2161 1099 2221 quam

223 2243 285 2302 lere
301 2242 440 2318 plerique,
459 2243 508 2317 qni
529 2245 610 2301 avari
625 2261 739 2311 avaros,
761 2243 871 2318 gloriae
892 2244 1014 2317 cupidos
1037 2247 1099 2318 glo·

222 2342 295 2402 riosi
321 2341 557 2416 reprehendunt?
589 2350 634 2401 est
662 2343 741 2402 enim
773 2344 920 2417 proprium
946 2343 1099 2412 stultitiae,

223 2443 348 2504 aliorum
369 2442 442 2524 vifis
461 2461 593 2512 cernere,
612 2443 751 2503 oblivisci
765 2461 890 2502 suorum.
933 2444 993 2501 Sed
1013 2443 1099 2502 nimi·

224 2559 288 2602 rum
302 2544 358 2598 troc
377 2544 541 2616 marimum·
557 2550 602 2602 eat
627 2545 869 2618 experimentum,
891 2559 958 2602 cum
982 2547 1099 2602 constet

224 2641 437 2717 aegritudinem
463 2649 607 2702 vetustate
623 2644 697 2712 lolli,
717 2643 794 2700 hanc
817 2643 877 2700 vim
903 2660 960 2702 non
986 2662 1051 2702 esse
1065 2642 1098 2702 in

225 2740 273 2800 oie
289 2740 421 2814 positam,
434 2743 485 2801 scal
505 2740 527 2774 ²⁵
537 2743 567 2801 in
582 2743 762 2818 cogitatione
778 2743 924 2801 diuturna.
938 2759 1006 2800 nam
1027 2743 1053 2800 si
1067 2745 1098 2800 el

225 2841 327 2899 eadem
341 2859 386 2899 res
407 2847 461 2909 est,
487 2843 617 2900 elidem
638 2849 682 2901 est
702 2845 807 2901 homo:
828 2842 878 2917 qui
902 2846 996 2916 potest
1018 2841 1100 2917 quisi·

224 2957 310 3016 quam
334 2941 372 2998 sle
386 2943 485 3000 dolore
500 2943 614 3011 mutari,
628 2943 654 3000 si
673 2961 767 3018 nequo
781 2944 818 3000 de
832 2960 879 3009 eo.
893 2939 1098 3019 propterquod

225 3040 314 3107 dolet,
328 3041 484 3115 quidquam
498 3046 541 3097 est
556 3047 707 3108 mutatum,
719 3060 813 3116 neque
827 3041 865 3097 de
876 3059 920 3111 eo,
934 3042 982 3115 qui
997 3035 1099 3098 doletl

225 3139 367 3212 cogitatio
381 3139 469 3213 igitur
481 3139 626 3207 diuturna,
646 3138 720 3198 nihil
735 3157 799 3196 csse
813 3139 845 3196 in
860 3157 890 3198 re
911 3138 991 3204 mali,
1005 3135 1102 3224 dolori

256 3294 281 3328 ²³
295 3299 377 3342 utuero
384 3294 467 3400 ulrsqq·⁸
488 3291 636 3354 narrataque
646 3293 762 3351 umectus.
794 3291 830 3341 sie
839 3295 863 3340 et
877 3293 914 3340 ed·
925 3291 997 3364 lunt.⁸
1007 3290 1100 3340 stallae

226 3359 282 3401 vett.
295 3357 369 3416 placet
379 3361 403 3398 et
413 3369 442 3400 mr
460 3369 475 3399 r.

226 3432 511 3541 10:12fluffimum]
526 3431 583 3480 bene
593 3431 695 3481 Davisius
705 3431 790 3480 delevit
798 3437 832 3482 ut.
843 3447 894 3481 nam
905 3409 949 3480 non
959 3430 1017 3481 solet
1026 3430 1100 3482 aaa«
1158 3463 1160 3468 -
1262 3473 1263 3488 χ

229 3629 236 3641 ⁴
258 3569 281 3604 2⁵
296 3568 322 3616 ln
332 3569 460 3630 cogitatione
468 3571 595 3644 diutsmol'
605 3573 665 3620 male
674 3587 688 3619 a
696 3571 795 3622 Grutero
805 3574 888 3622 edituro
899 3577 933 3645 est
942 3571 1100 3678 aliumquh

229 3644 252 3676 rn
262 3630 319 3674 Mss.
339 3636 461 3688 repererat,
478 3637 503 3676 ut
513 3639 547 3676 est
557 3642 578 3677 et
589 3648 611 3679 rn
621 3633 665 3680 Gu.
683 3640 758 3680 uatum
776 3649 789 3681 e
807 3636 945 3697 compendro.
967 3633 1025 3679 bene
1042 3631 1100 3680 siud

149 3689 155 3698 ’
229 3686 1098 3762 scandanaviamricetpautlopostot,etsonumoraturututurnttan
