2552 4208
463 341 561 390 urana
579 339 756 396 sumanus.
994 339 1035 406 aa

203 511 334 564 Luotiiioa
349 509 439 565 clades
453 513 547 562 nostro
560 509 640 560 infixe
652 513 695 561 est
707 509 830 576 corpori:

201 602 289 670 Equo
302 602 421 668 liquatae
434 601 497 650 ‘olis
510 599 605 651 ardore
618 597 748 652 excidunt

199 691 312 750 Guttae,
327 703 395 759 quae
408 705 472 743 saxa
483 689 588 742 assidue
602 691 736 743 instillant
749 688 870 742 Caucasi.

163 841 227 898 Vix
243 841 331 916 igitur
345 859 428 914 posse
449 841 583 898 videmur
596 840 638 898 ita
662 840 799 898 affectum
820 858 878 898 noa
900 838 1036 896 miserum
1051 843 1097 902 ll.

163 941 281 999 dicere:
303 947 333 997 et
347 940 372 997 si
386 943 463 999 horto
479 941 624 1008 miserum,
638 946 719 998 uerte
733 942 871 1008 dolorem,
886 940 1003 996 malum.

207 1041 246 1096 Α.
269 1040 318 1097 Tu
342 1041 457 1114 quidem
473 1042 568 1098 adhue
583 1057 677 1097 meam
691 1057 808 1096 oausam
823 1039 895 1114 agis.
915 1039 966 1094 sed
982 1037 1039 1098 troo

161 1156 231 1196 mox
260 1138 370 1196 videro.
396 1140 508 1196 interea
535 1141 613 1198 unde
642 1138 690 1196 isti
715 1134 838 1196 versus?
869 1154 928 1194 uon
957 1135 1038 1194 euius

161 1255 300 1312 agnosco.
344 1237 387 1296 M.
404 1238 512 1295 Dicam
533 1240 641 1296 hercle.
667 1237 777 1294 etenim
803 1242 883 1293 reete
906 1235 1037 1308 requiris.

161 1339 286 1396 videsue
300 1339 449 1394 abundare
464 1355 510 1394 me
524 1333 609 1396 otio?
631 1339 669 1394 Α.
687 1337 764 1410 Quid
780 1333 861 1395 lumi
884 1335 925 1394 Μ.
942 1333 1039 1392 Fuisti

162 1454 262 1508 saepe,
275 1437 373 1502 oredo,
394 1454 461 1492 eum
485 1437 611 1494 Athenis
633 1455 722 1504 esses,
736 1437 767 1493 iu
788 1435 898 1493 scholis
912 1435 1038 1508 philoso-

164 1534 297 1606 phorum.
340 1533 377 1587 Α.
400 1533 492 1597 Vero,
519 1550 554 1588 ae
581 1534 706 1588 libenter
727 1535 853 1606 quidem.
897 1533 939 1590 tu.
966 1532 1039 1590 Ani·

165 1630 371 1686 madvertebas
397 1626 492 1702 igilur,
513 1628 568 1684 etsi
597 1632 658 1684 ium
685 1647 773 1686 nemo
799 1637 861 1685 erat
885 1631 1041 1690 admodum

165 1728 311 1802 copiosus,
326 1733 527 1784 verumtamen
553 1744 652 1784 versus
676 1729 713 1784 ab
735 1727 780 1783 his
801 1726 956 1784 admisceri
978 1743 1040 1783 ora·

165 1827 249 1886 iloni.
294 1831 329 1884 A.
354 1829 401 1884 Ao
429 1828 534 1883 multos
561 1825 677 1900 quidem
705 1845 723 1884 a
752 1827 900 1900 Dionysio
926 1827 1039 1885 Stoico.

166 1927 209 1986 M.
227 1927 320 1984 Probe
334 1927 419 1984 olicis.
441 1928 492 1984 sed
516 1927 541 1983 is
565 1927 647 2000 quasi
670 1927 791 1995 dietata,
813 1929 894 1984 nullo
918 1927 1038 1996 dilectu,

162 2028 244 2086 nullu
258 2026 415 2101 elegantia.
458 2027 545 2083 Philo
560 2032 657 2084 noster
671 2024 715 2105 [et
739 2024 761 2057 ³³
773 2027 918 2102 proprium
939 2044 1037 2084 nume·

162 2123 248 2202 rum]
262 2131 292 2184 et
307 2128 384 2185 leota
405 2125 550 2200 polimuta,
571 2131 601 2184 ei
621 2128 688 2185 looo
707 2127 892 2200 adjungebat.
934 2127 1037 2201 ltaque

162 2234 314 2300 postquam
325 2225 463 2284 adamavi
473 2227 550 2284 hane
559 2227 640 2300 quasi
648 2226 772 2286 senilem
781 2227 1037 2292 declamationem,

162 2326 290 2382 studiose
306 2327 439 2400 equidem
454 2330 518 2384 utor
532 2327 638 2382 nostris
653 2326 757 2400 politis.
777 2325 798 2356 ³⁴
808 2328 869 2395 sed,
884 2325 977 2383 sicubi
991 2323 1037 2382 illi

163 2423 340 2481 deiecerunt.
383 2424 470 2480 Vetti
491 2423 570 2480 euim
593 2427 683 2481 multa
704 2427 741 2480 de
766 2425 899 2492 Graecis,
927 2443 965 2482 ne
979 2441 1036 2498 quo

165 2529 336 2578 ornamento
346 2526 377 2578 ln
391 2525 448 2578 hoo
457 2539 564 2594 genere
575 2523 779 2595 disputationis
794 2527 906 2581 oarerei
927 2525 1037 2584 Latina

163 2619 266 2676 oratio.
289 2619 348 2676 Sed
372 2618 503 2684 videsne,
518 2618 622 2692 politae
637 2620 705 2692 quid
720 2623 789 2677 mali
803 2619 945 2680 afferant?
964 2620 985 2654 ³⁵
996 2625 1036 2680 la·

163 2724 328 2777 mentantes
338 2717 478 2774 inducunt
491 2717 660 2774 fortissimos
671 2719 764 2776 viros:
781 2720 914 2777 molliunt
923 2719 1035 2778 animos

162 2824 293 2876 nostros:
323 2817 365 2874 itu
392 2821 458 2872 sunt
478 2799 590 2872 ‘uesano
617 2819 729 2886 duleas,
756 2824 787 2875 ut
816 2837 875 2878 uon
903 2821 1037 2894 legantur

162 2918 258 2983 modo,
281 2917 332 2974 sed
354 2915 443 2976 etiam
464 2916 640 2996 ediscantur.
662 2916 704 2973 sio
725 2919 762 2974 ad
778 2920 884 2976 malam
901 2920 1037 2978 domesti-

160 3035 227 3076 oum
241 3016 436 3088 disciplinam,
458 3016 606 3090 vitamque
626 3017 810 3076 umbratilem
831 3023 863 3076 et
875 3018 1035 3078 delicatam

160 3134 229 3176 eum
243 3123 427 3174 aooesserunt
442 3116 530 3174 eliam
550 3115 664 3189 poiitae,
678 3135 784 3176 nervos
798 3117 893 3178 omnis
916 3118 1036 3178 virtutis

163 3215 285 3274 elidunt.
300 3221 379 3274 reate
393 3215 512 3290 igitura
532 3215 656 3274 Platona
676 3218 839 3276 educuntur
859 3235 897 3277 ea
912 3235 948 3276 aa
962 3219 1035 3278 uivi-

193 3379 348 3447 ³?pmprium
362 3379 493 3440 numerurm]
511 3379 553 3426 hoc
563 3393 629 3426 nemo
646 3379 766 3436 intelligat,
782 3395 822 3426 use
833 3379 949 3442 quisquam
965 3381 1036 3446 expli·

85 3467 89 3476 .
164 3437 415 3508 narrt.·absrtautsm'a
433 3439 489 3508 Μιι.
507 3439 625 3542 plerisque.
659 3439 704 3486 Mo.
717 3439 791 3488 Gueli.
811 3441 1033 3499 olpropiuanoslru.

163 3501 272 3542 maenum
282 3511 334 3541 viru
344 3498 423 3549 doctu.
431 3511 468 3557 qur
478 3497 507 3544 de
516 3498 596 3543 endum
608 3505 694 3558 putant.

193 3573 216 3606 ³⁴
229 3575 267 3620 red
285 3573 358 3620 umus·
372 3574 410 3620 illi
424 3575 575 3680 defecerunt).
608 3577 700 3648 Clarum
714 3581 760 3648 est,
779 3577 817 3626 hle
835 3580 912 3631 deesse
934 3579 1036 3640 verbum,

164 3633 222 3694 quod
232 3633 328 3693 pendeat
338 3647 351 3678 e
360 3633 403 3678 red.
416 3647 496 3694 nempe
506 3649 552 3680 sacr
570 3641 587 3680 rt
598 3640 702 3690 salernu,
713 3651 735 3683 ιιι
748 3639 797 3687 due.

196 3710 218 3752 ii
234 3711 376 3760 lamentantes
386 3711 414 3778 i]
430 3713 557 3764 addendum
569 3713 658 3764 ridetur
668 3719 725 3764 urm.
