2538 4188
229 275 295 338 454
482 269 527 320 nn
547 267 688 320 NATURA
706 219 850 369 nnoltfltd

228 417 399 490 Harpalum,
412 417 462 494 qni
486 419 663 494 temporibus
676 419 736 478 illis
760 421 868 494 praedo
880 420 952 480 ielix
972 419 1099 482 babebse

226 519 280 580 tur,
293 521 395 574 contra
409 518 479 574 deos
495 519 693 578 testimonium
708 519 817 586 dicere,
836 521 913 596 quod
934 520 964 580 in
978 520 1029 578 illa
1043 521 1097 578 lor·

140 611 143 618 “
225 619 296 672 tuna
310 615 431 672 tamdiu
446 615 570 674 viveret.
612 617 784 692 Dionysius,
798 620 836 679 de
856 637 914 693 quo
936 625 1004 677 ante
1022 617 1095 689 dixi,

224 729 293 771 curu
311 713 409 772 lanum
425 713 616 787 Proserpinae
631 717 735 774 Locris
759 717 963 792 expilavissel,
978 699 1099 793 naviga·

225 812 276 871 bat
291 815 468 888 Syracusas:
490 813 571 889 isque
595 831 663 872 cum
687 816 899 875 secundissimo
919 823 1010 876 vento
1034 835 1098 876 cur·

223 929 287 970 sum
308 919 432 980 teneret,
452 913 568 972 ridens:
589 911 757 982 Videtisne,
771 915 874 990 inquit,
888 916 986 984 amici,
1006 935 1094 992 quam

223 1011 301 1068 bona
314 1013 398 1070 ediis
413 1013 621 1074 inmortalibus
636 1011 788 1087 navigatio
812 1013 964 1088 sacrilegis
985 1011 1096 1075 detur?

223 1105 352 1186 ”Atque
368 1113 455 1168 homo
474 1119 585 1177 aculus,
608 1128 674 1170 cum
697 1112 772 1170 bene
795 1115 938 1188 planeque
953 1113 1097 1188 percepis-

106 1245 108 1255 ·
223 1211 280 1274 sel,
300 1207 331 1265 in
355 1211 459 1267 eadem
477 1209 633 1267 sententia
652 1213 876 1282 perseverabat:
897 1211 956 1286 qui,
976 1229 1043 1270 cum
1058 1213 1096 1270 ad

224 1303 460 1379 Peloponnesum
472 1311 599 1367 classem
619 1309 787 1382 appulisset,
800 1315 830 1368 et
844 1311 875 1368 in
889 1311 987 1368 lanum
1002 1310 1100 1368 venis·

222 1411 267 1462 sel
291 1405 377 1463 Jovis
401 1403 552 1480 Olympii;
572 1425 692 1466 aureum
718 1408 748 1466 ei
774 1409 903 1468 detraxit
927 1409 1095 1479 amiculum,

195 1573 198 1582 Δ
222 1505 325 1581 grandi
339 1505 476 1580 pondere,
485 1525 542 1582 quo
555 1508 666 1567 lovem
679 1514 795 1566 ornarat
809 1528 847 1568 ex
861 1509 1004 1566 manubiis
1021 1509 1093 1567 Kar·

221 1605 451 1682 tbaginiensium
465 1611 606 1682 tyrannus
621 1607 708 1668 Gelo.
723 1615 810 1685 atque
835 1609 867 1666 in
886 1626 923 1666 eo
946 1609 1036 1668 etiam
1048 1625 1098 1667 ca·

222 1705 342 1763 vittatus
366 1711 420 1774 est,
446 1712 558 1765 aestate
578 1727 670 1782 grave
694 1726 759 1766 ease
786 1725 904 1766 aureum
928 1708 1095 1776 amiculum,
1129 1761 1132 1772 ,

221 1802 320 1863 bieme
334 1805 485 1879 trigidum:
506 1806 591 1881 eique
615 1809 732 1865 laneum
757 1809 876 1880 pallium
898 1807 1012 1882 injecit,
1026 1821 1094 1864 cum

221 1903 252 1961 id
279 1921 344 1961 esse
371 1905 409 1962 sd
435 1923 524 1964 omne
558 1907 629 1963 anni
665 1912 778 1979 tempus
811 1905 931 1963 diceret.
959 1905 1094 1978 idemque

178 2053 180 2056 ,
220 2001 396 2072 Aesculapii
429 2003 570 2072 Epidauri
597 2005 715 2060 barbam
742 2020 859 2060 auream
888 2003 965 2056 demi
992 2000 1092 2073 jussit.

219 2115 315 2174 neque
329 2096 408 2154 enim
431 2097 602 2161 convenire,
625 2099 774 2151 barbatum
788 2112 852 2149 esse
866 2096 965 2159 tilium,
978 2111 1045 2150 cum
1059 2095 1092 2154 in

156 2227 157 2234 κ
219 2195 440 2257 omuibuslanie
453 2199 537 2265 paler
551 2191 687 2248 imberbis
702 2195 790 2247 esset.
829 2190 897 2248 Jam
917 2208 1032 2250 mensas
1047 2209 1092 2251 nr·

218 2303 340 2374 genteas
350 2295 387 2350 de
408 2291 543 2350 omnibus
556 2290 684 2348 delubris
696 2289 786 2364 jussit
802 2290 926 2347 eulerri:
947 2291 1092 2367 inquibus

218 2395 293 2472 quod
319 2410 398 2451 more
421 2391 529 2450 veteris
545 2391 690 2450 Graeciae
712 2389 884 2464 inscriptum
898 2397 984 2458 esset,
1001 2411 1092 2451 eono-

218 2509 284 2553 nusr
306 2509 444 2560 neonus,
468 2491 565 2549 ntiae
590 2508 689 2548 eorum
713 2489 845 2550 bonitate
860 2491 940 2548 velle
964 2491 1091 2550 dicebat.

218 2593 303 2653 Idem
318 2591 499 2656 Victoriblae
513 2608 625 2670 amens,
639 2597 668 2648 et
684 2595 807 2664 pateres,
816 2608 1004 2666 coronasque,
1018 2609 1092 2666 quae

218 2691 437 2750 simulacrorum
457 2671 597 2764 porrectis
619 2689 752 2748 manibus
774 2675 1001 2757 sustinebantur,
1027 2690 1092 2748 eine

217 2790 399 2850 dubitatione
420 2791 563 2850 tollebat:
583 2806 675 2864 eaque
685 2806 718 2847 se
736 2787 882 2862 accipere,
895 2805 955 2866 noq
968 2789 1089 2858 auterre,

217 2893 344 2953 dicebat.
366 2909 430 2950 ease
444 2891 523 2950 enim
545 2889 709 2956 stultitiam,
722 2907 739 2946 a
753 2889 855 2964 quibus
866 2890 942 2946 bona
957 2905 1087 2964 precare·

217 3009 290 3059 mur,
310 2994 348 3050 ab
368 2991 405 3050 iis
429 2990 640 3066 porrigentibus
652 2997 682 3046 et
706 2987 841 3046 dantibus
865 2990 943 3046 nolle
963 3004 1085 3046 sumere.

216 3089 408 3166 Eandemque
421 3091 516 3148 ierunt
530 3090 614 3157 baec,
637 3103 711 3165 qnae
725 3087 798 3156 dixi,
813 3088 927 3146 sublata
948 3087 986 3144 de
1009 3085 1085 3147 lanis
1195 3085 1201 3096 '

216 3189 249 3248 in
262 3190 354 3248 summ
378 3189 541 3264 protulisse,
568 3193 599 3246 et
623 3205 674 3262 per
693 3203 868 3261 praeconem
891 3185 1082 3244 vendidisse:

216 3295 379 3366 exactaque
392 3288 516 3362 pecuma
529 3287 666 3356 edixisse,
680 3282 721 3353 ut,
733 3286 811 3362 quod
833 3283 952 3388 quisque
966 3283 1084 3344 asseris

245 3441 267 3475 ¹³
281 3443 423 3513 Atpusltqmo
432 3443 533 3514 ceolaml
560 3441 622 3490 Bene
637 3440 758 3490 iambicus
772 3439 863 3500 corrigit
869 3439 943 3510 mque
961 3439 1029 3494 lum
1040 3439 1084 3508 03⁸·

214 3499 277 3558 perri
315 3502 397 3548 sdrxrt
411 3517 477 3572 more
495 3501 678 3564 pbriosopborum
694 3502 723 3548 de
738 3506 802 3574 carta
812 3504 943 3570 cogortmne-
978 3496 1087 3544 Buhelffll

215 3558 558 3676 aalma*
573 3575 616 3612 ¹⁰²
629 3562 698 3624 Μ’
715 3563 942 3621 ''mul“
957 3555 1088 3621 “W
