2558 4198
255 275 321 340 33⁶
370 280 378 296 ·
505 265 550 316 DE
570 265 712 316 uiuunt
728 263 874 320 DEORUM

256 421 301 482 at
325 433 397 477 varo
416 415 494 492 apud
514 417 638 493 majores
659 421 743 478 tants
768 413 921 492 religionis
941 414 990 476 vis
1006 416 1077 490 'luit
1100 427 1136 483 ut

253 519 371 596 quidam
384 518 573 591 imperatores
586 517 676 576 etiam
688 518 809 592 seipsos
833 516 890 576 diis
917 517 1135 582 immortalibus

252 620 351 693 eapite
365 620 464 676 velato
485 615 506 650 ¹⁴
519 617 615 676 verbis
628 618 717 676 aenis
743 634 794 692 pro
814 616 978 691 reipublice
998 620 1131 684 devove-

251 723 327 777 rent.
369 717 466 776 Multa
475 735 513 776 ex
526 717 683 791 Sibyllinis
699 715 972 787 vaticinationibus,
986 721 1077 778 multa
1089 739 1132 783 ex

251 817 436 892 haruspieum
447 817 592 890 responsis
609 815 865 892 ¹⁵commemorare
880 835 1008 892 possum,
1026 819 1128 894 quibus

251 936 288 978 ea
314 919 529 984 confirmentur,
556 934 629 993 quae
654 917 744 975 dubia
770 917 884 976 nemini
914 919 1026 976 debent
1053 937 1122 978 esse.

219 1021 241 1082 4
256 1018 345 1093 Atqui
359 1023 389 1075 et
404 1025 566 1076 nostrorum
579 1035 729 1092 augurum,
748 1015 769 1048 ¹⁶
783 1022 813 1075 et
827 1017 1017 1076 Etruseorum
1032 1019 1123 1078 harus·

250 1119 349 1194 pioum
360 1119 546 1193 disciplinam
563 1118 595 1176 P.
612 1117 763 1192 Scipione,
778 1117 814 1174 C.
831 1118 937 1192 Figulo
951 1117 1128 1186 oonsulibus,

249 1233 295 1276 res
314 1217 377 1290 ipsa
392 1219 542 1290 probavit:
563 1235 634 1292 quos
648 1233 716 1274 oum
738 1214 759 1248 ¹⁷
772 1217 823 1275 Ti.
837 1216 1000 1285 Graoobus,
1021 1219 1127 1276 consul

246 1316 362 1384 iterum,
376 1323 530 1384 recrearet,
543 1315 563 1348 ¹⁸
575 1319 681 1388 primns
691 1321 868 1391 rogatorum,
881 1314 902 1347 ¹⁹
913 1321 943 1374 ut
952 1331 1001 1372 eos
1012 1316 1127 1385 retulit,

249 1416 359 1474 ibidem
374 1423 419 1474 est
431 1421 551 1488 repente
567 1422 702 1474 mortuus.
745 1415 898 1474 Grosphus
912 1429 976 1472 oum
1001 1412 1128 1474 comitia

248 1510 440 1576 nihilominus
465 1515 632 1590 peregisset,
652 1532 770 1590 remque
791 1515 873 1574 illam
895 1514 926 1570 in
953 1510 1128 1589 religionem

248 1617 357 1691 populo
376 1617 493 1674 venisse
508 1616 640 1682 sentiret,
665 1615 702 1671 ad
716 1620 850 1672 senatum
871 1612 978 1672 retulit.
997 1618 1126 1682 senatus,

249 1733 320 1790 quos
334 1718 371 1774 ad
384 1715 695 1788 soleret,relerendum
716 1713 839 1772 censuit.
854 1712 1024 1786 haruspices
1037 1712 1127 1771 intro·

248 1815 340 1882 duoti,
364 1817 583 1888 responderunt,
611 1832 669 1870 non
696 1814 783 1870 luisse
802 1812 915 1886 justum
937 1811 1125 1875 comitiorum

247 1918 419 1986 rogatorem.
463 1916 544 1972 Tun
567 1913 729 1980 Gracchus,
750 1916 783 1969 ut
805 1929 823 1969 e
847 1915 930 1985 patre
958 1910 1125 1980 audiebam,

245 2010 384 2091 incensus
412 2013 465 2080 ira,
486 2014 571 2070 itane
596 2010 691 2070 varo?
725 2029 781 2086 ego
805 2028 865 2070 nou
887 2009 994 2084 justus,
1019 2010 1124 2086 quiet

244 2111 349 2168 oonsul
360 2110 472 2185 rogavi,
486 2114 517 2166 et
531 2127 630 2184 augur,
644 2115 674 2168 et
687 2107 862 2184 auspioato?
892 2127 931 2169 au
946 2125 1000 2168 vos
1015 2109 1122 2179 Tusci,

245 2225 282 2268 ae
296 2209 416 2280 barbari,
431 2209 627 2292 auspioiorom
641 2208 742 2284 populi
753 2209 879 2268 Romani
893 2209 944 2283 jus
959 2210 1077 2278 tenetis,
1091 2213 1125 2270 et

245 2307 418 2380 interpretes
449 2326 514 2366 esse
549 2308 734 2367 comitiorum
759 2306 905 2384 potestis?
934 2310 1034 2385 itaque
1060 2314 1125 2366 tum

244 2405 311 2464 illos
325 2407 406 2468 exire
421 2391 519 2483 jussit.
561 2408 633 2468 Post
653 2413 752 2467 autem
766 2427 804 2466 ex
829 2409 985 2482 provincia
1008 2409 1123 2472 litteras

243 2509 282 2566 ad
295 2509 452 2585 collegium
466 2509 554 2578 misit,
568 2527 609 2578 se,
623 2507 644 2540 ⁹⁰
654 2525 723 2567 oum
737 2511 849 2582 legeret
867 2507 966 2578 libros,
988 2509 1123 2566 reeorda-

273 2663 295 2697 ¹⁴
308 2665 380 2712 uerbis
390 2663 475 2724 calama]
497 2663 594 2710 formula
603 2667 674 2722 eada,
689 2663 749 2724 quod
759 2661 886 2711 devotionis
897 2677 987 2711 carmen
997 2662 1088 2711 dicitur.

272 2743 293 2778 ¹⁵
308 2759 475 2792 commemorare
489 2745 586 2806 prrsum]
603 2759 694 2801 porrum
709 2744 779 2791 habet
797 2745 846 2793 Ma.
866 2745 942 2792 Gueii.
961 2749 986 2792 et
1003 2744 1045 2792 alii
1060 2744 1122 2806 apud

244 2802 368 2862 Davisium,
378 2805 416 2866 qui
425 2811 449 2852 et
458 2806 489 2851 aie
498 2805 569 2852 edidit
578 2819 620 2866 pro
630 2805 723 2864 vulgato
730 2819 854 2861 porrumm.

273 2884 295 2917 ¹⁸
309 2889 329 2929 et
349 2885 499 2932 Etruscorum
516 2883 665 2944 aruspicum]
706 2883 783 2946 Vulgo
801 2888 844 2943 est,
862 2889 883 2932 at
902 2885 1039 2942 aruspicum.
1061 2883 1122 2934 bene

242 2943 330 2991 delevit
339 2949 359 2989 et
371 2945 481 2990 Davisius.

272 3023 294 3056 ¹⁷
310 3023 349 3069 lt.
366 3023 407 3070 Gr.
414 3025 496 3094 ¹coriaut
504 3024 588 3070 ilerum
597 3023 714 3084 recrearet]
734 3023 818 3071 iterum
824 3023 926 3096 pertinet
935 3001 973 3093 ad·
983 3025 1067 3092 cpnaul.
1078 3037 1122 3083 pro

241 3083 465 3188 mgaersfltnltiavruus
476 3084 525 3128 vult
535 3088 628 3141 nemrot,
644 3083 708 3130 bene.
728 3097 779 3130 nam
795 3099 892 3146 primum
902 3088 949 3130 turn
967 3083 1002 3129 rllr
1018 3083 1123 3130 eonsules

273 3221 294 3254 ¹⁸
305 3221 394 3277 punitas
406 3221 542 3280 rogatorum]
569 3235 610 3281 pro
628 3221 717 3280 primur
735 3227 830 3282 rogator.
851 3227 877 3272 ut
896 3220 988 3279 corrigit
1006 3219 1121 3268 Davisius.

243 3280 287 3328 Sed
309 3287 332 3324 et
353 3281 465 3338 vulgatum
482 3280 539 3325 bene
555 3281 638 3326 hahet·
660 3282 749 3328 luerunt
766 3283 824 3328 enirn
844 3283 927 3342 piures,
945 3285 1023 3342 estque
1038 3279 1126 3326 intelli-

242 3342 326 3398 gendus
338 3349 429 3398 rogator
443 3340 557 3385 centuriae
567 3341 744 3400 praerogativae.
756 3357 776 3386 ve
786 3341 852 3388 Clav.
864 3343 886 3388 in
895 3342 917 3386 h.
927 3355 949 3386 v.

272 3417 292 3448 ¹⁹
307 3423 332 3463 ut
342 3433 374 3464 eos
384 3420 471 3480 retulit]
489 3419 512 3464 in
523 3419 622 3466 tabulas:
640 3435 690 3465 nam
702 3419 805 3480 suffragia
816 3425 907 3479 rogator
922 3418 1010 3481 punctis
1020 3417 1119 3463 notabat

241 3474 264 3520 in
275 3476 365 3521 tabula:
392 3479 429 3522 vel
447 3479 475 3524 ad
486 3479 615 3534 Consulem,
634 3480 671 3540 qui
690 3481 786 3528 comitiis
802 3488 915 3543 praeerat,
935 3479 1069 3536 Gracchum,
1081 3475 1122 3538 qui

240 3539 292 3578 erat
301 3540 324 3578 et
334 3541 384 3592 post
394 3537 475 3582 dieitur
484 3543 572 3595 rogator
582 3539 727 3586 comitiorum.

270 3609 293 3641 θ’
309 3623 360 3656 cum
370 3612 451 3669 legeret
461 3614 537 3674 libros]
559 3618 682 3675 augurales.
