2552 4208
242 347 305 416 174
481 339 615 392 Tuscula.
632 337 874 395 QUAESTlONUM

240 511 315 562 esse,
326 489 403 550 aliud
414 489 534 564 iratum,
548 496 580 548 nt
588 491 685 550 differt
694 491 830 550 anxietas
840 493 877 549 ab
887 503 1005 565 augore.
1016 501 1114 565 nsque
1181 510 1184 522 ·

241 593 320 652 enim
334 609 436 650 omnes
455 591 546 659 anxii,
567 592 616 668 qni
636 599 780 666 anguntur
801 591 965 667 aliquando,
985 606 1041 647 neo
1060 588 1113 664 qui

240 691 335 761 anxii,
346 709 459 766 semper
471 697 632 767 anguntur:
654 698 684 750 ut
698 694 774 750 inter
788 692 969 755 ebrietatem,
980 697 1009 747 et
1019 687 1113 746 ebrio·

238 773 358 850 sitalem
384 795 523 850 interest:
545 793 680 868 aliudque
703 799 748 850 est
766 799 924 850 amatorem
943 807 1018 856 esse,
1031 787 1113 846 aliud

240 900 397 950 amantem.
422 899 509 968 atque
522 893 597 950 haee
618 893 740 950 aliorum
760 891 797 948 ad
818 891 892 947 alios
916 891 1030 946 morbos
1049 903 1112 960 pro·

238 990 358 1050 olivitas
373 995 431 1050 lale
450 999 541 1066 patet.
564 1009 633 1050 nam
648 991 775 1066 pertinet
788 990 825 1046 ad
839 1005 941 1045 omnes
966 988 1113 1061 perturba-

239 1091 343 1150 tiones.
386 1093 423 1150 ln
437 1093 534 1151 multis
558 1092 648 1149 etiam
662 1091 745 1148 vitiis
759 1093 897 1166 apparet:
928 1089 980 1146 sed
1001 1103 1112 1146 nomeu

238 1207 284 1249 res
299 1193 469 1250 nonhabet.
492 1198 608 1265 ergoet
628 1190 734 1258 invidi,
748 1195 778 1248 et
804 1187 944 1258 malivoli,
960 1191 990 1244 et
1014 1184 1114 1259 tinini,

238 1293 270 1358 et
284 1290 389 1356 timidi,
403 1295 433 1347 et
453 1290 665 1357 misericordes,
686 1290 753 1364 quia
768 1289 914 1362 proclives
926 1287 964 1344 ad
984 1305 1034 1344 eas
1050 1303 1111 1360 per·

237 1389 428 1457 turbationes,
453 1391 598 1463 nunquia
627 1406 742 1462 semper
765 1388 901 1446 teruntur.
927 1388 1001 1444 baec
1022 1381 1111 1460 igilur

237 1489 411 1567 proclivitas
435 1491 472 1546 ad
495 1491 730 1566 unumquodque
751 1504 852 1563 genus,
876 1505 894 1544 a
918 1485 1111 1544 similitudine

238 1591 366 1664 eorporis
388 1587 411 1621 ¹¹
421 1590 582 1666 aegrotatio
593 1570 723 1658 dicatur,
740 1592 811 1647 dum
823 1607 859 1647 ea
872 1588 1053 1661 intelligatur
1071 1585 1110 1644 ad

183 1729 189 1735 -
237 1693 446 1766 aegrotandum
468 1692 646 1764 proclivitas.
671 1691 723 1748 sed
751 1691 825 1747 baec
851 1689 882 1746 in
907 1690 991 1745 bonis
1015 1689 1113 1756 rebus,

238 1792 313 1864 quod
333 1791 384 1848 alii
398 1793 433 1847 ad
449 1791 507 1846 alia
523 1793 597 1846 bona
611 1795 677 1846 sunt
692 1788 828 1861 aptiores,
840 1787 965 1845 labilitas
980 1788 1111 1846 nomine·

236 1893 292 1951 tur,
306 1889 336 1944 in
359 1889 441 1945 malis
457 1888 636 1960 proclivitas,
651 1897 681 1942 nt
695 1886 843 1960 significet
857 1887 1039 1961 lapsionem:
1073 1885 1107 1944 in

187 1978 348 2046 13neutris
377 1987 482 2043 lrabeat
503 1987 632 2058 superius
657 2003 773 2042 nomen.
815 1986 881 2058 Quo
905 1988 990 2044 modo
1011 1991 1110 2044 antem

238 2086 271 2146 in
284 2101 404 2158 corpore
427 2090 472 2142 est
496 2087 620 2152 morbus,
634 2090 679 2141 est
698 2085 858 2159 aegrotatio
871 2093 901 2144 et
921 2085 1043 2156 vilinm3
1064 2085 1110 2144 sio

237 2185 392 2244 inanimo.
436 2183 569 2240 Morbum
584 2186 733 2257 appellant
747 2185 835 2242 totius
852 2185 980 2259 corporis
994 2203 1110 2259 corrup-

237 2285 359 2346 tionem.
403 2285 643 2360 Aegrotationem
657 2287 787 2342 morbum
806 2303 872 2343 cum
886 2285 1110 2344 imbecillitate:

238 2388 356 2455 sitium,
368 2402 434 2442 cnm
450 2391 543 2458 partes
557 2385 685 2457 corporis
699 2386 775 2443 inter
788 2405 818 2442 se
833 2386 984 2444 dissident.
998 2402 1036 2442 ex
1050 2402 1111 2460 qno
1132 2393 1135 2400 “

237 2487 367 2561 pravitas
380 2488 579 2550 membrorum,
593 2485 734 2551 distortio,
752 2486 928 2544 deformitas.
944 2487 1041 2560 itaque
1055 2486 1110 2543 illu

237 2588 304 2654 duo,
330 2588 453 2654 morbus,
478 2590 508 2643 et
532 2585 702 2659 aegrotatio,
728 2583 800 2642 “ex
826 2587 913 2642 lolius
936 2585 1111 2644 valitudinis

238 2683 394 2765 [corporis]
419 2684 662 2759 conquassatione
686 2689 717 2742 et
745 2687 962 2758 perturbatione
986 2687 1108 2761 gignun-

183 2829 191 2834 -
237 2792 298 2844 tur:
312 2787 532 2849 vitium-autem,
544 2783 657 2857 integra
668 2783 838 2852 valitudine,
851 2787 944 2858 ipsum
956 2803 993 2843 er
1003 2803 1034 2842 se
1045 2804 1107 2845 eer-

235 2886 321 2942 nitur.
331 2888 381 2942 sed
397 2885 427 2942 in
442 2884 541 2941 animo
555 2885 753 2940 tantummodo
763 2885 941 2958 cogitatione
956 2904 1109 2960 possumus

203 2975 205 2980 ¹
235 2987 365 3043 morbum
380 2986 416 3040 ab
430 2984 630 3058 aegrotatione
645 2984 805 3058 sejungere.
828 2983 983 3057 vitiositas
997 2993 1104 3051 antem,

235 3089 280 3141 est
296 3083 419 3149 habitus,
434 3082 607 3140 autaliectio
617 3081 647 3138 in
664 3089 723 3138 tota
735 3083 795 3139 vita
809 3083 987 3148 inconstans,
1003 3091 1057 3139 eta
1072 3099 1104 3138 ae

234 3183 300 3258 ipsa
325 3182 510 3240 dissentiens.
539 3181 580 3238 ita
608 3182 652 3248 fil,
677 3186 709 3238 ut
735 3181 766 3238 in
792 3183 894 3249 altere,
920 3181 1104 3254 corruptione
1149 3178 1156 3192 '

264 3337 287 3370 ⁴²
301 3336 419 3396 nemtntsb
428 3335 525 3392 dimittr,
539 3335 594 3382 dum
604 3335 756 3395 intelligatur]
772 3333 809 3380 alii
820 3333 912 3388 dicitur.
923 3338 948 3382 et
961 3350 1028 3382 curn.-
1043 3337 1108 3399 qnod

234 3396 287 3444 terri
297 3403 406 3457 utcunque
415 3401 496 3457 potest.
509 3395 547 3441 sed
557 3398 577 3444 si
587 3396 643 3442 dum
653 3395 744 3450 legitur,
760 3395 905 3444 necessarlum
917 3404 951 3444 est
960 3396 1056 3445 dicotur.

265 3475 287 3506 ⁴³
302 3489 328 3519 en
337 3475 401 3520 tutius
411 3473 544 3520 ualitudinis
554 3473 649 3531 carpasia
659 3473 853 3534 responsantibus]
885 3475 943 3524 Puto
953 3477 1108 3533 corporisesse

234 3533 361 3638 ᾞιὲπὲ
380 3532 512 3593 intelligitur
522 3535 582 3582 enlm
591 3547 632 3594 per
641 3547 682 3592 ss,
691 3547 742 3580 cnm
757 3533 786 3616 ds
795 3536 895 3596 eorporis
909 3537 991 3602 morbis
1001 3543 1026 3590 et
1043 3535 1107 3583 vitiis

730 3635 777 3690 st.
