3354 4234
667 335 919 390 crasans-mus.
1192 347 1237 408 23

362 501 478 550 suorum
492 494 615 548 mortem
630 489 753 562 primurn
769 508 827 548 uon
853 509 889 548 eo
902 492 1009 566 lugeat,
1033 489 1109 566 quod
1130 507 1181 548 eos
1194 507 1238 548 or·

364 591 447 648 batos
462 591 541 646 vitae
566 591 727 647 commodis
758 587 931 648 arbitretur?
972 591 1061 648 Tolle
1076 591 1153 648 hauc
1176 590 1238 666 opi·

364 690 501 748 utonem:
524 691 632 746 luctum
647 689 804 746 sustuleris.
819 707 905 747 nemo
918 691 997 747 enim
1011 697 1121 746 maeret
1132 706 1184 747 suo
1196 689 1237 748 in·

363 791 526 847 commodo.
555 787 687 846 ⁵‘’doleut
715 789 835 846 tortasse
863 797 893 846 et
921 795 1081 863 anguntur:
1106 789 1158 847 sed
1184 789 1238 846 illa

364 889 491 964 lugubris
515 889 695 955 lamentatio,
723 889 863 963 fletusque
891 907 1032 956 maerens,
1056 907 1094 946 ex
1119 907 1155 946 eo
1182 894 1237 958 est,

365 989 441 1064 quod
455 1006 530 1056 eum,
541 1005 626 1064 quern
640 987 808 1054 dileximus,
824 987 904 1044 vitae
918 989 1078 1048 commodis
1091 969 1236 1061 privatum

365 1089 546 1153 arbitramur,
562 1087 648 1160 idque
666 1087 783 1144 sentire.
828 1087 927 1162 Atque
941 1089 1015 1144 baec
1036 1089 1078 1145 ite
1095 1089 1237 1146 sentimus

365 1192 468 1245 natura
482 1188 566 1252 duce,
582 1189 658 1242 nulla
673 1187 793 1252 ratione,
805 1188 941 1261 nulleque
956 1186 1097 1244 doctrina.

407 1285 571 1350 Maximum
589 1301 657 1340 vero
671 1291 872 1357 argumentum
886 1291 940 1352 est,
953 1273 1082 1342 naturam
1096 1287 1187 1360 ipsam
1199 1290 1236 1346 de
1249 1289 1288 1348 14

362 1383 582 1444 immortalitate
597 1385 758 1440 animorum
774 1386 892 1442 tacitam
901 1385 1045 1457 justione,
1056 1389 1132 1460 quod
1146 1387 1237 1444 omni·

365 1484 419 1540 bus
433 1465 521 1555 curae
532 1489 612 1549 sunt,
626 1491 656 1540 et
670 1484 797 1540 maxime
812 1483 938 1556 quidem,
957 1483 978 1515 ⁶⁷
988 1502 1061 1558 quae
1087 1492 1151 1558 post
1165 1503 1237 1543 mor·

364 1571 532 1669 temll‘utura
546 1583 614 1638 sint.
655 1581 725 1638 Scrit
740 1581 863 1649 arbores,
878 1601 948 1658 qsruc
958 1583 1041 1641 alteri
1053 1585 1163 1642 coemto
1173 1603 1245 1662 pro·

264 1719 266 1722 -
366 1678 433 1738 sini.
448 1689 480 1738 ut
491 1681 532 1738 ait
548 1681 658 1738 Statius
673 1681 703 1738 in
720 1683 922 1755 Synephebis:
944 1684 1010 1756 quid
1022 1690 1166 1755 spectans,
1181 1685 1239 1742 uisi

365 1782 455 1839 otiam
475 1787 589 1854 postera
608 1784 707 1838 secula
728 1783 765 1838 ad
777 1799 808 1836 se
824 1780 992 1854 pertinere?
1021 1783 1099 1857 Ergo
1123 1781 1238 1843 arbore's

365 1885 443 1938 seret
456 1881 582 1954 diligens
596 1879 733 1954 agricola,
748 1898 866 1954 querum
881 1881 1025 1953 adspiciet
1040 1883 1160 1940 baccam
1175 1885 1238 1957 ipre

364 1999 537 2056 numquam:
559 1981 606 2037 vir
626 1999 747 2054 maguus
763 1983 851 2054 leges,
871 1982 1013 2051 instituta,
1029 1985 1238 2056 rempublicam

365 2099 424 2139 non
439 2079 536 2140 seret?
557 2080 634 2152 Quid
650 2081 811 2154 procreatio
835 2081 998 2148 liberorum,
1019 2083 1086 2157 quid
1101 2101 1239 2160 propaga·

366 2182 409 2240 tio
422 2182 558 2248 nominis,
571 2182 639 2256 quid
654 2181 826 2253 adoptiones
841 2181 974 2250 tiliorum,
998 2181 1066 2256 quid
1082 2189 1238 2243 testamen·

269 2346 271 2350 ,
366 2286 459 2339 lorum
482 2280 645 2354 diligentia,
659 2281 727 2354 quid
748 2280 811 2353 ipsa
830 2283 1026 2353 sepulcrorum
1041 2290 1238 2354 monumenta,

365 2381 434 2456 quid
448 2379 544 2453 elogia
558 2379 733 2455 significant,
748 2379 804 2436 nisi
817 2397 868 2437 nos
880 2380 972 2437 lutura
985 2381 1074 2438 etiam
1085 2384 1213 2456 cogitare
1226 2379 1238 2442 i

366 2479 444 2552 Quid
459 2475 552 2536 illud?
583 2495 651 2535 num
672 2479 796 2544 dubitas,
819 2479 890 2554 quin
911 2478 932 2510 ⁵¹
943 2481 1092 2553 specimen
1117 2488 1237 2542 naturae

366 2577 433 2650 capi
444 2577 549 2633 debeat
565 2595 603 2633 ex
617 2577 726 2650 optima
738 2596 849 2652 quaque
863 2577 989 2638 natura?
1008 2597 1082 2654 quae
1096 2587 1140 2638 est
1151 2581 1238 2656 igitur

367 2677 471 2734 melior
485 2675 514 2732 iu
537 2675 685 2733 hominum
705 2695 811 2750 genere
826 2683 937 2745 natura,
959 2697 1044 2752 quam
1059 2697 1167 2746 eorum,
1189 2680 1238 2754 qui

365 2793 397 2832 se
412 2779 495 2832 natos
510 2775 546 2830 ad
566 2774 698 2830 homines
716 2775 874 2846 juvandos,
895 2778 1038 2846 ludendos,
1063 2795 1239 2837 conservan-

365 2875 418 2932 dos
439 2869 636 2930 arbitrantur?
664 2871 736 2928 abiit
761 2873 796 2928 ad
817 2875 886 2928 deos
909 2875 1058 2932 Hercules.
1084 2895 1238 2952 numquam

363 2972 492 3038 abiisset,
507 2969 652 3039 ciricum
667 2969 744 3027 inter
756 2971 889 3029 homines
904 2979 990 3038 esset,
1007 2991 1070 3032 eam
1082 2975 1136 3034 sibi
1158 2976 1238 3036 viam
1316 3019 1318 3024 ·

365 3070 549 3132 munivisset.
591 3069 702 3126 Vetera
722 3069 867 3144 jamista,
889 3077 917 3130 el
944 3074 1084 3148 religione
1107 3077 1238 3135 omnium

364 3175 544 3236 consecrata.
595 3167 673 3242 Quid
698 3168 730 3226 in
756 3171 811 3228 hac
836 3172 985 3245 republica
1008 3180 1059 3242 tot,
1085 3173 1288 3251 tentosquelb

393 3325 414 3360 ⁵⁶
432 3325 506 3372 dolent
517 3325 624 3386 fortasse]
645 3327 791 3382 cursurtarre
809 3326 830 3372 in
851 3273 879 3371 rr:
892 3326 982 3374 minime
999 3329 1083 3378 dubial'
1106 3329 1181 3376 Credo
1191 3345 1239 3378 esse

362 3385 493 3490 Vitliplssuni'b
500 3384 660 3456 correctionem
677 3385 817 3445 probabilem
828 3400 867 3432 uec
878 3386 923 3448 ipse
941 3387 1020 3449 reperi,
1032 3403 1073 3434 nec
1084 3390 1133 3445 alii,
1145 3391 1238 3439 destitu-

362 3458 389 3490 err
404 3460 409 3489 r
426 3459 450 3490 ue
471 3460 478 3488 ι
495 3459 533 3490 rn.

394 3523 417 3556 ⁵⁷
432 3539 487 3582 putre
502 3549 509 3557 ·
526 3523 630 3578 -fnrera
641 3523 699 3584 aiat]
719 3524 770 3570 edd.
782 3525 926 3580 luntre,ete.
940 3530 998 3573 nent.
1012 3528 1069 3573 torte
1079 3527 1167 3576 rectius.

393 3601 414 3634 ³⁸
429 3601 535 3658 specimen
554 3617 577 3648 n.
596 3603 644 3660 capi
664 3603 757 3664 dabam]
795 3603 833 3650 Sic
850 3604 936 3652 correxi
956 3606 1072 3666 vulgatum
1090 3609 1170 3668 deceat,
1188 3623 1238 3656 curu

364 3659 474 3716 landino
484 3667 507 3708 et
520 3661 619 3722 Davisio,
630 3668 655 3710 ut
665 3661 719 3710 alibi
729 3675 806 3723 supra.
