2558 4198
239 321 305 386 m
491 313 536 366 nr
555 313 695 369 arruns
715 315 859 372 annana

238 467 294 532 tus,
314 465 392 540 qaod
413 463 435 526 ii
456 471 654 526 maturesount
673 473 723 526 ant
752 472 865 542 reptem
887 485 1116 546 nonnumquam,

237 561 324 630 “ant
348 570 381 624 nt
395 568 563 642 plerumque
584 585 692 626 aorem
708 570 794 626 lunae
813 569 959 628 sonibus:
982 571 1032 645 qui
1045 573 1117 646 quia

237 679 339 724 mensa
360 665 456 738 ruatis
480 666 651 731 oonlloiunt,
664 685 772 726 mensas
797 668 993 726 nominantur.
1035 671 1114 728 Con-

236 765 394 841 einnequs,
415 770 445 824 ut
470 767 571 832 mults,
600 766 759 826 Timaeus:
778 767 827 843 qui
850 785 916 828 eum
938 769 969 826 in
992 769 1114 828 historia

235 865 449 941 distentque
477 873 564 926 noete
589 871 674 924 natus
700 869 873 926 Alexander
894 876 980 938 asel,
1008 870 1113 928 eadem

235 963 353 1024 Dianas
381 961 527 1040 Ephesiae
555 968 696 1038 temptum
720 967 937 1040 deflagrasisse,
966 969 1112 1041 adJunxit,

133 1073 136 1080 ’
234 1066 357 1124 minime
370 1067 399 1124 id
416 1085 480 1126 esse
495 1066 665 1132 mirandum,
679 1068 754 1141 quod
771 1067 879 1134 Diana,
901 1084 969 1124 eum
982 1066 1014 1126 iu
1029 1073 1113 1141 partu

236 1165 422 1238 Olympiadis
444 1169 549 1226 messe
564 1167 713 1234 voluisset,
735 1166 876 1232 abluisset
890 1167 986 1225 domo.
1028 1167 1113 1240 Quian

235 1271 334 1324 aulem
355 1267 412 1324 dea
437 1269 540 1324 adres
571 1283 675 1324 omnes
701 1263 813 1332 antiret,
843 1265 993 1324 Venerem
1020 1266 1115 1324 nostri

236 1365 472 1432 nominaverunt,
486 1373 574 1440 atque
599 1385 637 1422 ex
660 1382 696 1422 ea
720 1363 817 1436 potius
847 1372 994 1432 venustas,
1023 1383 1113 1440 quam

183 1461 224 1520 28
237 1462 341 1520 Venus
352 1481 392 1522 ex
408 1469 570 1522 venustate.
612 1463 770 1522 Videtisne
791 1463 888 1537 igitur,
902 1471 964 1522 uta
978 1464 1113 1538 physicis

236 1567 330 1632 relius,
345 1567 422 1624 bene
435 1571 522 1640 atque
548 1564 659 1622 utiliter
672 1564 814 1632 inventis¹
829 1569 921 1622 traete
935 1564 1009 1622 ratio
1024 1565 1063 1622 sit
1073 1565 1112 1624 ad

236 1665 462 1726 commenticios
480 1672 511 1722 et
534 1665 617 1724 dolos
630 1661 724 1722 deos?
743 1682 817 1739 quae
838 1682 883 1724 res
901 1664 1003 1737 genuit
1024 1664 1112 1722 lalsas

236 1763 400 1837 opiniones,
428 1782 595 1840 erroresque
621 1767 809 1834 turbulentos,
834 1769 862 1822 et
890 1762 1113 1839 superstitiones

235 1879 330 1936 paene
341 1865 444 1922 aniles.
456 1869 486 1922 st
495 1863 603 1924 lormae
618 1863 698 1922 euim
713 1864 933 1932 nobisdeorum,
947 1867 978 1920 et
989 1868 1111 1930 aetates,

236 1967 266 2020 et
282 1963 413 2032 vestitus,
433 1975 607 2040 orneturque
631 1965 695 2024 noti
718 1971 800 2035 sunl3
820 1982 929 2040 genera
951 1969 1110 2038 praeterea,

236 2060 383 2135 onnjngla,
396 2062 596 2136 cognationes,
610 2064 765 2139 omniaque
781 2065 913 2122 traducta
926 2065 964 2122 ad
978 2063 1111 2122 similitu·

235 2161 336 2220 dinem
369 2160 581 2219 imbecillitatis
608 2162 764 2230 humanae,
790 2181 859 2224 nam
886 2168 917 2222 et
937 2162 1110 2237 perturbatis

237 2260 342 2318 animis
366 2260 557 2318 inducuntur:
579 2259 741 2334 accipimus
755 2263 834 2322 enim
858 2265 978 2322 deorum
998 2261 1110 2336 eupidi-

237 2366 321 2428 ures,
336 2359 543 2435 aegritudines,
565 2360 750 2420 iracundias:
772 2381 828 2422 nes
843 2381 923 2431 vero,
944 2369 975 2422 ut
995 2363 1109 2420 tabulas

237 2461 341 2527 lerunt,
355 2460 396 2519 dii
408 2459 492 2520 bellis
507 2461 680 2536 proeliisque
694 2467 867 2522 caruerunt:
891 2480 945 2520 neo
961 2463 1063 2530 solum,
1077 2465 1110 2519 ut

237 2562 314 2634 apud
335 2562 503 2629 Homerum,
527 2578 595 2622 oum
620 2564 679 2620 duo
703 2563 851 2622 exereitus
873 2564 1035 2620 contrarios
1057 2559 1110 2621 alii

238 2663 280 2720 dii
294 2679 333 2719 ex
359 2661 418 2720 alin
442 2665 523 2735 parte
544 2662 746 2729 defenderent,
769 2664 820 2719 sed
843 2661 942 2730 etiam,
956 2667 988 2718 ut
1007 2658 1028 2690 ⁸²
1042 2676 1110 2724 oum

239 2760 368 2830 Titanis,
382 2767 413 2818 ut
427 2779 494 2820 oum
515 2761 701 2838 Gigantibus,
716 2779 767 2818 sun
792 2760 907 2835 propria
921 2761 998 2818 bella
1011 2776 1110 2836 gesne-

237 2867 312 2922 runt.
355 2861 439 2920 llaec
453 2866 483 2920 et
501 2861 645 2929 dicuntur,
659 2868 690 2920 et
711 2862 866 2918 ereduntur
878 2859 1057 2926 stultissime,
1079 2863 1110 2918 et

237 2963 326 3036 plena
351 2966 419 3018 sunt
449 2958 633 3028 ”futilitatis
660 2977 845 3034 summaeque
867 2958 1006 3016 levitatis.
1049 2959 1111 3016 Sed

239 3067 346 3128 tamen,
360 3060 405 3118 hia
427 3059 530 3118 tabulis
555 3060 659 3133 spretis
683 3077 719 3118 ao
742 3058 909 3132 repudiatis,
930 3059 1001 3114 deus
1024 3057 1111 3131 perli-

238 3179 311 3220 nens
325 3178 377 3235 per
390 3165 522 3219 naturam
545 3160 684 3234 cujusque
699 3160 750 3228 rei,
764 3178 816 3234 per
830 3164 918 3217 terras
934 3159 1034 3226 Ceres,
1058 3175 1112 3231 per

267 3325 287 3358 ⁸¹
302 3327 343 3371 nul
352 3327 378 3372 ul
386 3321 527 3383 plerumque]
542 3321 619 3369 addidi
630 3335 681 3368 eum
689 3321 782 3368 Davisin
792 3326 818 3368 ut
827 3335 854 3368 er
864 3320 916 3367 edd.
928 3325 984 3366 vett.
997 3323 1020 3366 et
1030 3319 1091 3367 Mas.

266 3405 289 3440 ⁸²
303 3418 355 3450 eura
365 3401 464 3464 illunis]
481 3401 557 3449 malim
568 3400 697 3459 litonibus,
707 3413 759 3448 uam
769 3399 860 3448 Titano
875 3406 926 3448 runt
936 3414 979 3446 non
996 3398 1084 3456 stunt,
1094 3411 1110 3445 a

237 3463 326 3511 Graeco
341 3470 434 3516 Tarne.

264 3547 436 3609 ⁸³futilitatis]
466 3546 638 3598 MaUrsiniel
657 3546 793 3608 Augustinus
809 3545 956 3604 civ.u.1v,
974 3548 1010 3596 aa
1024 3545 1112 3593 babent

227 3607 349 3666 ,sanitatin
359 3606 442 3668 placet.
753 3625 757 3637 ·
