2548 4208
248 325 314 391 m
497 319 544 372 nn
564 317 703 369 urruns
723 317 869 369 unorum

248 469 537 548 guhemsri'necssse
552 465 660 527 'orutz
681 468 803 543 primunr
827 468 918 542 ipsius
941 467 1122 543 reipublicae

247 585 336 631 causa
356 569 569 644 philosophiam
593 567 700 625 nostris
722 567 887 626 hominihus
910 569 1122 641 explicandum

248 669 359 744 putum,
374 669 473 743 magni
497 667 671 726 existimans
697 667 838 724 interesse
862 667 899 725 ad
924 669 1014 726 decue
1028 676 1058 726 et
1082 669 1122 728 ari

247 769 362 827 laudern
386 767 527 832 civitatis,
549 783 596 824 ras
613 771 672 824 turn
686 783 800 841 μενοι,
815 772 931 842 tamque
956 770 1120 842 praeclaras

247 863 365 926 Latinis
385 867 474 924 etiam
499 865 603 924 litteris
630 865 784 922 contineri.
826 866 928 940 qurre
951 883 998 924 nae
1023 867 1117 926 minus

246 965 372 1025 instituti
386 966 444 1025 mei
457 965 596 1040 poenitet.
612 967 687 1039 qnod
702 963 790 1022 iacile
803 965 908 1033 sentio,
917 983 1004 1042 quam
1018 969 1118 1024 multo»

246 1083 310 1126 mm
329 1083 388 1125 non
402 1067 488 1124 modo
512 1063 655 1131 discendi,
669 1065 721 1120 sed
742 1064 832 1122 etiam
856 1064 1004 1124 scribendi
1023 1065 1119 1124 erodis

246 1165 466 1225 commoverim.
480 1165 645 1238 complures
659 1163 738 1220 enim
748 1163 873 1220 Graecis
886 1163 1117 1223 institutionibus

247 1265 362 1332 eruditi,
376 1281 421 1329 ea,
433 1281 506 1338 quse
516 1261 690 1329 didicerant,
703 1279 770 1322 cum
781 1261 899 1320 civibus
918 1263 977 1321 suis
991 1281 1119 1322 commu·

247 1363 348 1422 nicare
362 1379 420 1420 non
436 1367 578 1436 poterant,
592 1362 667 1436 quod
689 1362 750 1427 illa,
764 1377 870 1436 quaen
891 1363 1014 1420 Graecis
1033 1379 1121 1420 acco

246 1461 368 1538 pinsant,
382 1461 489 1520 Latine
513 1460 573 1518 dici
588 1479 672 1535 posse
693 1460 867 1518 diffiderent.
881 1479 936 1536 que
956 1461 987 1520 in
1007 1478 1117 1536 genere

246 1566 359 1621 tantum
374 1560 529 1636 proiecisse
545 1560 685 1628 videmur,
699 1565 730 1616 ut
745 1561 898 1618 aliraecls
912 1579 949 1618 ne
963 1563 1118 1644 vorborum

245 1661 363 1738 quidem
384 1661 470 1735 copta
485 1660 678 1718 vinceremur.
690 1724 692 1728 .
719 1659 843 1716 Hortata
857 1660 946 1718 etiarn
960 1665 1015 1728 est,
1026 1666 1056 1718 ut
1070 1677 1117 1718 me

245 1762 284 1819 sd
298 1763 373 1818 haec
387 1759 558 1826 contemni,
573 1757 663 1816 enimi
677 1759 837 1833 aegritudo,
851 1759 982 1817 fortunae
1002 1775 1117 1834 magna,

246 1864 277 1916 et
300 1859 384 1933 gravi
406 1863 551 1915 commota
564 1857 679 1932 injuria.
694 1859 775 1931 cujus
792 1857 817 1913 si
832 1857 972 1932 majorem
991 1859 1117 1934 aliquam

245 1959 425 2015 levationem
441 1957 565 2029 reperire
581 1956 746 2030 potuissem,
766 1973 825 2013 non
846 1957 883 2013 ad
905 1959 982 2015 hanc
1006 1957 1118 2031 potissi·

245 2071 325 2116 mum
338 2055 543 2128 contagionem.
584 2055 629 2112 Eo
639 2073 710 2112 vero
723 2055 786 2129 ipsa
796 2057 876 2112 nulla
889 2057 1001 2114 ratione
1013 2056 1116 2115 melius

243 2145 299 2212 lrui
309 2154 397 2228 potui,
408 2153 527 2228 quamsi
537 2171 582 2210 me
595 2171 653 2210 non
665 2155 795 2211 modoad
808 2156 948 2228 legendos
958 2156 1054 2223 libros,
1064 2157 1117 2214 sed

244 2253 333 2312 etium
342 2255 378 2310 ad
388 2258 479 2310 totam
488 2252 701 2326 philosophiam
715 2255 946 2326 pertractandam
960 2255 1116 2314 dedissem.

244 2352 355 2411 Omnes
370 2358 467 2410 autern
490 2353 550 2426 ejus
565 2357 670 2425 partes,
685 2357 771 2428 etque
784 2353 884 2410 omnia
903 2356 1031 2412 membra
1054 2359 1116 2412 tum

243 2451 382 2509 facillime
397 2457 562 2520 noscuntur,
577 2467 644 2510 cum
658 2457 737 2508 totae
751 2452 937 2526 quaestiones
957 2452 1114 2510 scribendo

244 2551 437 2625 explicantur.
460 2556 505 2608 est
525 2551 605 2608 enirn
628 2551 807 2608 admirabilis
828 2553 968 2626 quaedam
983 2552 1117 2610 continu·

243 2650 313 2718 atio,
340 2651 486 2726 seriesque
512 2665 616 2717 rerum,
645 2655 677 2706 ut
706 2647 726 2682 ¹³
740 2649 798 2708 alia
819 2667 857 2706 ex
888 2650 947 2708 alia
975 2668 1062 2719 nexa,
1082 2655 1115 2710 et

215 2753 345 2813 somnes
359 2750 436 2807 inter
449 2765 481 2806 se
495 2753 591 2822 aptae,
610 2747 823 2824 colligatseque
847 2748 1011 2808 uideantur.
1055 2749 1114 2823 Qui

216 2849 219 2861 '
243 2855 341 2908 nutem
365 2849 523 2922 requirnnt,
544 2847 613 2923 quid
635 2865 764 2924 quaeque
778 2849 815 2904 de
830 2865 861 2905 re
875 2846 931 2922 ipsi
945 2849 1116 2917 sentiemus,

242 2949 384 3008 curiosius
398 2949 427 3005 id
452 2948 573 3015 iaciunt,
594 2930 679 3021 quarn
699 2963 820 3004 necesse
843 2953 895 3006 est.
916 2945 938 2979 ¹⁴
952 2963 1012 3006 non
1034 2949 1114 3006 enim

242 3051 304 3106 tem
325 3047 509 3105 auctoritatis
533 3046 565 3104 in
589 3045 772 3118 disputando,
796 3063 881 3122 quarn
905 3046 1028 3105 rationis
1055 3063 1114 3104 mo·

273 3221 294 3256 ¹³
308 3221 355 3270 alic
365 3235 392 3268 eu
401 3221 448 3268 olio
456 3221 524 3282 mn]
543 3218 597 3268 libri
606 3217 696 3280 quidam
706 3219 764 3266 olins
772 3235 802 3268 en
810 3221 863 3270 ultis
871 3235 948 3277 nenne,
959 3220 1027 3268 etism
1036 3220 1112 3272 ouen

242 3279 406 3400 ffltgicrepit
416 3279 529 3328 Davisius.
549 3279 588 3326 sed
607 3299 640 3346 sp
656 3293 730 3326 omnes
745 3281 768 3327 in
787 3289 895 3342 sequente
913 3281 992 3330 melius
1010 3281 1116 3328 convenit

242 3413 244 3420 '
274 3422 294 3453 ¹⁴
309 3415 354 3468 aon
364 3420 424 3467 enim
435 3425 480 3468 tam
490 3422 636 3484 auctoritatis]
653 3422 726 3486 recepi
744 3423 826 3485 etipse
843 3425 988 3482 cumulis,
1006 3439 1048 3486 pro
1062 3438 1116 3476 aut·

243 3483 306 3532 toron
332 3479 369 3526 uia
384 3487 417 3526 est
433 3480 564 3541 elegantius,
582 3497 626 3530 uon
661 3481 736 3530 ninid
754 3485 881 3545 panormita
899 3490 953 3532 sunt
970 3484 1070 3546 requirit,
1087 3487 1115 3531 ut

242 3495 436 3607 prrtntjbsvisius.
450 3555 500 3586 nam
510 3556 537 3588 ex
547 3541 589 3588 hoc
602 3498 697 3604 intefffigi
711 3544 918 3607 potmtpuwtttdi
932 3549 1000 3594 tutti.-
1020 3544 1117 3605 ejutque

243 3603 331 3658 mmm
339 3599 441 3660 exempla
449 3601 521 3648 multa
530 3605 654 3651 conruunt.
