2538 4188
439 357 538 405 Llllillt
553 355 732 404 SECUNDUS.
967 362 1030 420 399

160 522 214 579 que
225 507 383 572 sollertem,
397 503 515 578 arljungi
530 507 620 562 multa
635 509 763 578 possunt,
777 523 793 560 e
808 505 909 580 quibus
924 505 1031 564 inlelli-

158 610 250 680 gatur,
264 609 449 679 quantaeres
462 603 625 662 hominibus
640 606 732 671 aden,
746 619 886 678 quumque
902 604 1029 662 eximiae

160 704 285 761 tributae
300 704 375 759 sint:
396 703 444 776 qui
459 703 581 774 primum
595 721 645 760 eos
666 702 754 760 humo
771 702 916 762 excitatos
937 704 1031 760 celsos

111 847 113 852 ,
160 806 191 858 et
205 805 318 858 erectos
333 800 495 869 constituit,
509 808 539 858 ut
554 803 671 858 deorum
697 802 905 874 cognitionem,
916 803 1031 858 coelum

159 900 316 965 intuentes,
344 917 449 972 capere
484 906 612 974 possent.
667 903 742 957 Sunt
773 900 852 956 enim
879 898 1031 958 ”suern

160 997 292 1055 homines
307 1017 364 1055 non
380 1005 410 1056 ut
435 999 551 1056 incolae
572 1005 658 1072 atque
681 998 868 1063 habitatores,
883 997 935 1053 sed
949 997 1031 1070 quasi

109 1163 113 1171 ²
160 1100 338 1168 spectatores
347 1115 510 1170 superarum
520 1117 614 1156 rernm
626 1105 712 1170 atque
724 1095 904 1162 caelestium,
912 1113 1030 1170 quarum

161 1196 360 1266 spectaculum
375 1197 410 1250 ad
426 1199 535 1253 nullum
550 1197 628 1254 aliud
652 1213 743 1268 genus
765 1195 955 1252 animantium
970 1213 1031 1268 per·

161 1292 244 1349 tinet.
297 1294 405 1350 Sensus
430 1299 535 1363 autem,
561 1297 735 1368 interpretes
755 1311 790 1352 ac
813 1295 907 1352 nuntii
928 1313 1031 1361 rerum,

160 1392 191 1448 in
205 1391 311 1464 capite,
323 1396 477 1466 tamquam.
488 1393 518 1449 iu
540 1411 617 1461 arce,
633 1392 755 1450 mirifice
767 1395 804 1450 ad
817 1411 882 1450 usus
898 1410 1031 1450 necessa·

160 1489 217 1548 rios
232 1495 261 1546 et
274 1489 354 1557 sacti,
369 1495 399 1546 et
413 1491 548 1547 collocati
570 1496 647 1559 sunt.
689 1493 718 1550 N
721 1511 767 1548 arm
782 1492 871 1558 oculi,
886 1499 1031 1565 tamquam

160 1591 366 1660 speculatores,
390 1588 562 1645 altissimum
588 1591 682 1646 locum
708 1591 863 1646 obtinent:
907 1607 947 1646 ex
974 1605 1032 1662 qno

158 1686 282 1760 plurima
308 1686 537 1760 conspicientes,
558 1687 713 1760 inrigantur
735 1705 788 1744 suo
813 1705 943 1743 munere.
991 1687 1032 1744 Et

161 1803 244 1843 aures
272 1804 337 1842 cunr
363 1803 466 1842 sonum
492 1786 641 1858 percipere
666 1788 801 1852 debeant,
825 1784 846 1816 ⁶⁰
867 1784 916 1860 qni
931 1789 1032 1842 natura

160 1887 283 1970 sublime
308 1887 415 1956 sertur3
450 1894 530 1952 recte
564 1887 595 1944 in
631 1887 698 1944 ultis
726 1903 876 1960 corporum
905 1886 1031 1958 partibus

159 1989 321 2044 collocatae
350 1990 425 2042 eunt.
482 1987 614 2060 itemque
643 2003 736 2054 nares,
764 2003 800 2042 eo
833 1987 908 2059 quod
936 1984 1030 2042 omnis

157 2086 228 2142 odor
247 2083 266 2116 ⁵¹
278 2087 314 2142 ad
329 2102 432 2158 supera
452 2084 549 2152 fertur,
564 2091 644 2142 recte
668 2089 878 2142 sursumsunt:
899 2089 929 2142 et
954 2085 1031 2158 quod

158 2183 218 2242 cibi
242 2189 272 2240 et
296 2184 421 2256 potionis
436 2183 580 2255 judicium
606 2201 742 2258 maguum
768 2201 867 2242 earum
892 2189 946 2250 est,
971 2199 1031 2240 non

158 2282 222 2340 sine
236 2300 325 2339 causa
339 2283 508 2338 vicinitates
522 2283 579 2338 oris
594 2289 713 2339 secutae
729 2288 811 2339 sunt.
853 2269 922 2338 Jain
936 2287 1031 2354 guela-

160 2386 216 2446 tus‚
234 2379 256 2410 ⁶²
269 2379 318 2452 qui
346 2379 453 2435 sentire
478 2395 588 2443 eorum,
610 2378 894 2449 quihus-,vescimun
921 2397 1030 2454 genera

100 2453 133 2546 ⁸,
158 2479 257 2537 debet.
271 2476 473 2532 habitatinea
499 2481 579 2547 parte
605 2469 672 2540 oris,
697 2491 752 2548 qua
778 2477 943 2562 esculentis,
967 2476 1032 2534 ⁶³et

160 2575 319 2651 potulentis
331 2574 386 2630 iter
405 2579 506 2630 natura
522 2573 670 2647 patefecit.
713 2573 827 2630 'Pactus
850 2577 948 2628 autem
969 2578 1031 2632 toto

190 2731 212 2764 ⁵⁹
226 2729 430 2790 eterrnlsomines]
462 2729 541 2775 Facile
551 2727 685 2786 intelligitur
703 2727 782 2772 vitium
798 2727 842 2774 ine
859 2732 927 2772 terro.
962 2725 1040 2789 [lavi-¹

160 2789 205 2836 sius
219 2791 314 2836 correxit
328 2790 354 2836 in
374 2794 449 2834 terro:
466 2788 536 2846 magis
551 2787 626 2847 placet
644 2786 728 2833 Pearcii
744 2787 863 2840 sententia,
885 2787 941 2831 haee
960 2785 1031 2830 verba

159 2849 210 2896 loeo
219 2855 280 2896 mota
288 2849 386 2908 putantis
396 2854 420 2893 et
437 2848 466 2892 ad
477 2847 590 2907 superiora
601 2848 684 2892 coetum
692 2846 804 2892 intuentes
819 2844 993 2905 transponentir,
1005 2848 1031 2890 ut

160 2913 185 2954 et
194 2909 265 2954 edidit
278 2909 418 2956 alemannus.

151 3005 154 3008 ·
189 2987 212 3018 ⁶⁰
226 2987 266 3046 qni
275 2991 356 3033 notura
366 2986 392 3039 in
408 2985 609 3045 sublimescunt}
641 2983 721 3030 Cicero
731 2981 754 3028 in
764 2983 805 3029 hae
825 2983 896 3029 torma
914 2995 958 3028 non
974 2981 1032 3028 solet

160 3047 245 3093 addere
253 3047 287 3092 in.
299 3045 350 3106 quia
360 3051 383 3090 et
393 3059 406 3089 a
416 3044 526 3090 nonnullis
537 3045 598 3090 libris
608 3042 670 3089 abest
681 3057 730 3089 euna
742 3042 835 3090 Davisio
845 3041 975 3088 delevimus.

190 3126 211 3158 ⁶¹
226 3126 256 3196 qd
272 3138 351 3182 supere
370 3123 470 3186 sertus]
513 3123 570 3170 Mes.
591 3123 665 3183 plures
682 3121 750 3168 etiam
769 3120 844 3168 (lueli.
861 3123 885 3166 et
902 3119 953 3166 edd.
973 3123 1029 3166 vett.

162 3199 283 3242 superiore.

189 3265 213 3296 ⁶²
229 3265 269 3324 qui
287 3263 388 3310 sentire·
406 3290 412 3298 ·
428 3263 510 3369 deleta
549 3261 585 3309 Sic
603 3262 655 3308 edd.
675 3265 731 3307 vett.
749 3260 807 3308 Ven.
829 3263 890 3307 lant.
932 3257 1028 3308 Mediol.

160 3325 254 3370 Ascens.
269 3324 320 3370 Ald.
333 3329 376 3368 cte.
388 3329 455 3368 reete.
511 3323 563 3381 ulgo
573 3322 632 3367 male
642 3321 733 3368 deteret.

190 3403 214 3436 ⁶³
229 3407 249 3449 et
256 3401 393 3460 petulantis]
425 3403 461 3448 Sir
477 3403 534 3448 Mes.
545 3401 647 3462 plerique
655 3399 723 3446 etiam
734 3397 808 3444 Guels.
826 3403 849 3444 et
859 3397 910 3444 edd.
922 3401 978 3442 vett.
990 3395 1031 3444 uisi

162 3462 220 3522 quod
241 3462 349 3524 quaedum
369 3460 452 3505 habeut
459 3460 589 3517 poculentis,
600 3467 624 3504 ut
635 3459 692 3504 Ven.
710 3465 734 3503 et
751 3458 833 3503 Bonon.
848 3459 908 3504 1494.
931 3453 1028 3502 Medici.

162 3520 216 3566 Ald.
228 3519 286 3580 quod
296 3524 319 3566 et
331 3519 390 3578 apud
400 3519 456 3563 alios
473 3525 573 3564 auctores
591 3517 672 3578 latinos
690 3515 809 3576 reperitur,
825 3516 865 3563 sed
882 3515 922 3572 ita,
934 3519 959 3562 ut
969 3515 1029 3563 Met:

164 3577 259 3636 varient,
269 3577 341 3625 etalii
351 3578 468 3638 pluresque
477 3577 615 3634 postumium
627 3575 731 3622 habeant.
