<?xml version="1.0" encoding="UTF-8"?>
<!DOCTYPE html PUBLIC "-//W3C//DTD XHTML 1.0 Transitional//EN"
    "http://www.w3.org/TR/xhtml1/DTD/xhtml1-transitional.dtd">
<html xmlns="http://www.w3.org/1999/xhtml" xml:lang="en" lang="en">
 <head>
  <title>
</title>
<meta http-equiv="Content-Type" content="text/html;charset=utf-8" />
  <meta name='ocr-system' content='tesseract 3.04.00' />
  <meta name='ocr-capabilities' content='ocr_page ocr_carea ocr_par ocr_line ocrx_word'/>
</head>
<body>
  <div class='ocr_page' id='page_1' title='image "./mtvlliiciceroni11cicegoog/mtvlliiciceroni11cicegoog_0295.png"; bbox 0 0 2558 4198; ppageno 0'>
   <div class='ocr_carea' id='block_1_1' title="bbox 219 255 818 334">
    <p class='ocr_par' dir='ltr' id='par_1_1' title="bbox 219 255 818 334">
     <span class='ocr_line' id='line_1_1' title="bbox 219 255 818 334; baseline 0.007 -28"><span class='ocrx_word' id='word_1_1' title='bbox 219 267 286 334; x_wconf 71' lang='lat'>2⁸4</span> <span class='ocrx_word' id='word_1_2' title='bbox 455 255 499 307; x_wconf 83' lang='lat' dir='ltr'>cn</span> <span class='ocrx_word' id='word_1_3' title='bbox 516 255 657 306; x_wconf 73' lang='lat' dir='ltr'>urruns</span> <span class='ocrx_word' id='word_1_4' title='bbox 672 255 818 310; x_wconf 80' lang='lat' dir='ltr'>nnosurr</span> 
     </span>
    </p>
   </div>
   <div class='ocr_carea' id='block_1_2' title="bbox 212 405 1099 2167">
    <p class='ocr_par' dir='ltr' id='par_1_2' title="bbox 212 405 1099 2167">
     <span class='ocr_line' id='line_1_2' title="bbox 218 405 1098 486; baseline 0.002 -16"><span class='ocrx_word' id='word_1_5' title='bbox 218 409 343 478; x_wconf 62' lang='lat' dir='ltr'>modum</span> <span class='ocrx_word' id='word_1_6' title='bbox 359 407 466 470; x_wconf 87' lang='lat' dir='ltr'>mentis</span> <span class='ocrx_word' id='word_1_7' title='bbox 480 406 614 466; x_wconf 79' lang='lat' dir='ltr'>infinitae</span> <span class='ocrx_word' id='word_1_8' title='bbox 636 405 670 466; x_wconf 82' lang='lat' dir='ltr'>vi</span> <span class='ocrx_word' id='word_1_9' title='bbox 690 424 726 465; x_wconf 83' lang='lat' dir='ltr'>sc</span> <span class='ocrx_word' id='word_1_10' title='bbox 749 408 862 466; x_wconf 85' lang='lat' dir='ltr'>ratione</span> <span class='ocrx_word' id='word_1_11' title='bbox 885 406 1045 486; x_wconf 73' lang='lat' dir='ltr'>designari,</span> <span class='ocrx_word' id='word_1_12' title='bbox 1065 416 1098 474; x_wconf 87' lang='lat' dir='ltr'>ct</span> 
     </span>
     <span class='ocr_line' id='line_1_3' title="bbox 218 505 1098 582; baseline 0.006 -15"><span class='ocrx_word' id='word_1_13' title='bbox 218 507 327 571; x_wconf 84' lang='lat' dir='ltr'>confici</span> <span class='ocrx_word' id='word_1_14' title='bbox 342 506 453 566; x_wconf 81' lang='lat' dir='ltr'>voluit:</span> <span class='ocrx_word' id='word_1_15' title='bbox 474 507 505 566; x_wconf 91' lang='lat' dir='ltr'>in</span> <span class='ocrx_word' id='word_1_16' title='bbox 519 523 576 582; x_wconf 91' lang='lat' dir='ltr'>quo</span> <span class='ocrx_word' id='word_1_17' title='bbox 588 523 650 576; x_wconf 83' lang='lat' dir='ltr'>non</span> <span class='ocrx_word' id='word_1_18' title='bbox 665 505 750 573; x_wconf 90' lang='lat' dir='ltr'>vidit,</span> <span class='ocrx_word' id='word_1_19' title='bbox 764 525 857 580; x_wconf 86' lang='lat' dir='ltr'>neque</span> <span class='ocrx_word' id='word_1_20' title='bbox 872 515 983 568; x_wconf 85' lang='lat' dir='ltr'>molum</span> <span class='ocrx_word' id='word_1_21' title='bbox 996 511 1098 572; x_wconf 89' lang='lat' dir='ltr'>sensui</span> 
     </span>
     <span class='ocr_line' id='line_1_4' title="bbox 212 604 1094 686; baseline 0.002 -20"><span class='ocrx_word' id='word_1_22' title='bbox 212 609 351 686; x_wconf 87' lang='lat' dir='ltr'>junctum</span> <span class='ocrx_word' id='word_1_23' title='bbox 365 612 395 664; x_wconf 87' lang='lat' dir='ltr'>et</span> <span class='ocrx_word' id='word_1_24' title='bbox 408 607 622 674; x_wconf 87' lang='lat' dir='ltr'>continentem,</span> <span class='ocrx_word' id='word_1_25' title='bbox 633 606 662 661; x_wconf 93' lang='lat' dir='ltr'>in</span> <span class='ocrx_word' id='word_1_26' title='bbox 679 604 795 662; x_wconf 86' lang='lat' dir='ltr'>inlicito</span> <span class='ocrx_word' id='word_1_27' title='bbox 809 609 898 664; x_wconf 88' lang='lat' dir='ltr'>ullum</span> <span class='ocrx_word' id='word_1_28' title='bbox 913 626 978 666; x_wconf 87' lang='lat' dir='ltr'>esse</span> <span class='ocrx_word' id='word_1_29' title='bbox 989 627 1094 682; x_wconf 81' lang='lat' dir='ltr'>posse:</span> 
     </span>
     <span class='ocr_line' id='line_1_5' title="bbox 219 705 1096 784; baseline 0.001 -18"><span class='ocrx_word' id='word_1_30' title='bbox 219 726 315 784; x_wconf 84' lang='lat' dir='ltr'>neque</span> <span class='ocrx_word' id='word_1_31' title='bbox 335 705 355 738; x_wconf 82' lang='lat'>⁴⁵</span> <span class='ocrx_word' id='word_1_32' title='bbox 364 723 482 766; x_wconf 89' lang='lat' dir='ltr'>sensum</span> <span class='ocrx_word' id='word_1_33' title='bbox 507 706 636 769; x_wconf 87' lang='lat' dir='ltr'>omniuo,</span> <span class='ocrx_word' id='word_1_34' title='bbox 650 722 707 778; x_wconf 90' lang='lat' dir='ltr'>quo</span> <span class='ocrx_word' id='word_1_35' title='bbox 728 722 786 761; x_wconf 91' lang='lat' dir='ltr'>non</span> <span class='ocrx_word' id='word_1_36' title='bbox 808 705 872 778; x_wconf 82' lang='lat' dir='ltr'>ipss</span> <span class='ocrx_word' id='word_1_37' title='bbox 895 717 997 764; x_wconf 81' lang='lat' dir='ltr'>nutura</span> <span class='ocrx_word' id='word_1_38' title='bbox 1013 711 1096 780; x_wconf 78' lang='lat' dir='ltr'>pulso</span> 
     </span>
     <span class='ocr_line' id='line_1_6' title="bbox 218 804 1095 889; baseline 0.002 -23"><span class='ocrx_word' id='word_1_39' title='bbox 218 806 349 889; x_wconf 77' lang='lat' dir='ltr'>sentiret.</span> <span class='ocrx_word' id='word_1_40' title='bbox 407 806 525 864; x_wconf 78' lang='lat' dir='ltr'>Deinde</span> <span class='ocrx_word' id='word_1_41' title='bbox 553 805 578 861; x_wconf 88' lang='lat' dir='ltr'>si</span> <span class='ocrx_word' id='word_1_42' title='bbox 607 811 735 860; x_wconf 84' lang='lat' dir='ltr'>mentem</span> <span class='ocrx_word' id='word_1_43' title='bbox 763 804 849 862; x_wconf 80' lang='lat' dir='ltr'>islam</span> <span class='ocrx_word' id='word_1_44' title='bbox 877 808 960 880; x_wconf 84' lang='lat' dir='ltr'>quasi</span> <span class='ocrx_word' id='word_1_45' title='bbox 986 809 1095 870; x_wconf 78' lang='lat' dir='ltr'>animal</span> 
     </span>
     <span class='ocr_line' id='line_1_7' title="bbox 218 901 1096 982; baseline 0.001 -17"><span class='ocrx_word' id='word_1_46' title='bbox 218 907 336 982; x_wconf 73' lang='lat' dir='ltr'>aliquod</span> <span class='ocrx_word' id='word_1_47' title='bbox 361 923 426 962; x_wconf 88' lang='lat' dir='ltr'>esse</span> <span class='ocrx_word' id='word_1_48' title='bbox 445 903 549 968; x_wconf 88' lang='lat' dir='ltr'>voluit,</span> <span class='ocrx_word' id='word_1_49' title='bbox 573 905 628 960; x_wconf 87' lang='lat' dir='ltr'>erit</span> <span class='ocrx_word' id='word_1_50' title='bbox 654 901 676 934; x_wconf 80' lang='lat'>⁴⁸</span> <span class='ocrx_word' id='word_1_51' title='bbox 689 902 798 978; x_wconf 82' lang='lat' dir='ltr'>aliquid</span> <span class='ocrx_word' id='word_1_52' title='bbox 824 907 955 972; x_wconf 88' lang='lat' dir='ltr'>interius,</span> <span class='ocrx_word' id='word_1_53' title='bbox 978 926 1014 963; x_wconf 81' lang='lat' dir='ltr'>ex</span> <span class='ocrx_word' id='word_1_54' title='bbox 1039 924 1096 982; x_wconf 88' lang='lat' dir='ltr'>quo</span> 
     </span>
     <span class='ocr_line' id='line_1_8' title="bbox 219 1003 1094 1078; baseline 0 -12"><span class='ocrx_word' id='word_1_55' title='bbox 219 1005 292 1066; x_wconf 90' lang='lat' dir='ltr'>illud</span> <span class='ocrx_word' id='word_1_56' title='bbox 307 1005 415 1064; x_wconf 84' lang='lat' dir='ltr'>animet</span> <span class='ocrx_word' id='word_1_57' title='bbox 431 1005 603 1062; x_wconf 88' lang='lat' dir='ltr'>nominetur.</span> <span class='ocrx_word' id='word_1_58' title='bbox 619 1003 688 1078; x_wconf 86' lang='lat' dir='ltr'>quirl</span> <span class='ocrx_word' id='word_1_59' title='bbox 709 1011 807 1060; x_wconf 81' lang='lat' dir='ltr'>autem</span> <span class='ocrx_word' id='word_1_60' title='bbox 830 1003 952 1062; x_wconf 87' lang='lat' dir='ltr'>interius</span> <span class='ocrx_word' id='word_1_61' title='bbox 972 1003 1094 1066; x_wconf 70' lang='lat' dir='ltr'>mente?</span> 
     </span>
     <span class='ocr_line' id='line_1_9' title="bbox 220 1103 1094 1180; baseline -0.003 -14"><span class='ocrx_word' id='word_1_62' title='bbox 220 1106 354 1180; x_wconf 79' lang='lat' dir='ltr'>cingatur</span> <span class='ocrx_word' id='word_1_63' title='bbox 365 1105 452 1180; x_wconf 83' lang='lat' dir='ltr'>igitur</span> <span class='ocrx_word' id='word_1_64' title='bbox 470 1121 591 1178; x_wconf 91' lang='lat' dir='ltr'>corpore</span> <span class='ocrx_word' id='word_1_65' title='bbox 605 1108 737 1159; x_wconf 81' lang='lat' dir='ltr'>esterno.</span> <span class='ocrx_word' id='word_1_66' title='bbox 780 1103 865 1173; x_wconf 80' lang='lat' dir='ltr'>Quod</span> <span class='ocrx_word' id='word_1_67' title='bbox 880 1104 1018 1178; x_wconf 76' lang='lat' dir='ltr'>quoniam</span> <span class='ocrx_word' id='word_1_68' title='bbox 1034 1123 1094 1174; x_wconf 88' lang='lat' dir='ltr'>non</span> 
     </span>
     <span class='ocr_line' id='line_1_10' title="bbox 219 1203 1096 1284; baseline -0.005 -19"><span class='ocrx_word' id='word_1_69' title='bbox 219 1208 327 1284; x_wconf 79' lang='lat' dir='ltr'>placet,</span> <span class='ocrx_word' id='word_1_70' title='bbox 346 1203 368 1237; x_wconf 65' lang='lat'>⁴¹</span> <span class='ocrx_word' id='word_1_71' title='bbox 381 1209 480 1277; x_wconf 81' lang='lat' dir='ltr'>aperte</span> <span class='ocrx_word' id='word_1_72' title='bbox 495 1203 677 1276; x_wconf 79' lang='lat' dir='ltr'>simplexque</span> <span class='ocrx_word' id='word_1_73' title='bbox 693 1219 786 1268; x_wconf 87' lang='lat' dir='ltr'>ruens,</span> <span class='ocrx_word' id='word_1_74' title='bbox 802 1205 881 1258; x_wconf 86' lang='lat' dir='ltr'>nulls</span> <span class='ocrx_word' id='word_1_75' title='bbox 895 1220 926 1260; x_wconf 88' lang='lat' dir='ltr'>re</span> <span class='ocrx_word' id='word_1_76' title='bbox 947 1205 1096 1280; x_wconf 83' lang='lat' dir='ltr'>adjuncta,</span> 
     </span>
     <span class='ocr_line' id='line_1_11' title="bbox 220 1300 1098 1382; baseline -0.001 -21"><span class='ocrx_word' id='word_1_77' title='bbox 220 1323 294 1382; x_wconf 87' lang='lat' dir='ltr'>quse</span> <span class='ocrx_word' id='word_1_78' title='bbox 309 1304 418 1361; x_wconf 88' lang='lat' dir='ltr'>sentire</span> <span class='ocrx_word' id='word_1_79' title='bbox 434 1302 532 1375; x_wconf 80' lang='lat' dir='ltr'><strong>possit,</strong></span> <span class='ocrx_word' id='word_1_80' title='bbox 557 1301 656 1376; x_wconf 85' lang='lat' dir='ltr'>lugere</span> <span class='ocrx_word' id='word_1_81' title='bbox 669 1300 886 1374; x_wconf 78' lang='lat' dir='ltr'>intelligentiae</span> <span class='ocrx_word' id='word_1_82' title='bbox 900 1308 1015 1358; x_wconf 80' lang='lat' dir='ltr'>nostrae</span> <span class='ocrx_word' id='word_1_83' title='bbox 1033 1303 1098 1362; x_wconf 87' lang='lat' dir='ltr'>vim</span> 
     </span>
     <span class='ocr_line' id='line_1_12' title="bbox 219 1399 1096 1470; baseline -0.005 -8"><span class='ocrx_word' id='word_1_84' title='bbox 219 1412 251 1463; x_wconf 85' lang='lat' dir='ltr'>ct</span> <span class='ocrx_word' id='word_1_85' title='bbox 266 1404 416 1461; x_wconf 89' lang='lat' dir='ltr'>notionem</span> <span class='ocrx_word' id='word_1_86' title='bbox 438 1401 562 1458; x_wconf 88' lang='lat' dir='ltr'>videtur.</span> <span class='ocrx_word' id='word_1_87' title='bbox 605 1399 792 1456; x_wconf 78' lang='lat' dir='ltr'>Crotoniates</span> <span class='ocrx_word' id='word_1_88' title='bbox 813 1407 910 1458; x_wconf 85' lang='lat' dir='ltr'>autem</span> <span class='ocrx_word' id='word_1_89' title='bbox 937 1402 1096 1470; x_wconf 79' lang='lat' dir='ltr'>Alcmaeo,</span> 
     </span>
     <span class='ocr_line' id='line_1_13' title="bbox 219 1484 1097 1581; baseline -0.003 -20"><span class='ocrx_word' id='word_1_90' title='bbox 219 1484 269 1581; x_wconf 87' lang='lat' dir='ltr'>qui</span> <span class='ocrx_word' id='word_1_91' title='bbox 296 1503 362 1567; x_wconf 94' lang='lat' dir='ltr'>soli,</span> <span class='ocrx_word' id='word_1_92' title='bbox 389 1509 419 1558; x_wconf 87' lang='lat' dir='ltr'>et</span> <span class='ocrx_word' id='word_1_93' title='bbox 440 1503 537 1568; x_wconf 81' lang='lat' dir='ltr'>lunae,</span> <span class='ocrx_word' id='word_1_94' title='bbox 561 1498 733 1574; x_wconf 85' lang='lat' dir='ltr'>reliquisque</span> <span class='ocrx_word' id='word_1_95' title='bbox 756 1500 909 1564; x_wconf 74' lang='lat' dir='ltr'>sideribus,</span> <span class='ocrx_word' id='word_1_96' title='bbox 937 1500 1097 1576; x_wconf 84' lang='lat' dir='ltr'>animoque</span> 
     </span>
     <span class='ocr_line' id='line_1_14' title="bbox 219 1598 1097 1680; baseline -0.002 -19"><span class='ocrx_word' id='word_1_97' title='bbox 219 1610 370 1680; x_wconf 79' lang='lat' dir='ltr'>praetcrea</span> <span class='ocrx_word' id='word_1_98' title='bbox 384 1599 571 1658; x_wconf 84' lang='lat' dir='ltr'>divinitatem</span> <span class='ocrx_word' id='word_1_99' title='bbox 586 1598 677 1667; x_wconf 81' lang='lat' dir='ltr'>dedit,</span> <span class='ocrx_word' id='word_1_100' title='bbox 691 1617 753 1656; x_wconf 89' lang='lat' dir='ltr'>non</span> <span class='ocrx_word' id='word_1_101' title='bbox 774 1599 876 1668; x_wconf 84' lang='lat' dir='ltr'>sensit,</span> <span class='ocrx_word' id='word_1_102' title='bbox 890 1618 954 1656; x_wconf 87' lang='lat' dir='ltr'>sese</span> <span class='ocrx_word' id='word_1_103' title='bbox 969 1599 1097 1659; x_wconf 82' lang='lat' dir='ltr'>mortali·</span> 
     </span>
     <span class='ocr_line' id='line_1_15' title="bbox 219 1697 1096 1774; baseline -0.003 -13"><span class='ocrx_word' id='word_1_104' title='bbox 219 1703 273 1761; x_wconf 85' lang='lat' dir='ltr'>bus</span> <span class='ocrx_word' id='word_1_105' title='bbox 301 1704 384 1758; x_wconf 89' lang='lat' dir='ltr'>rebus</span> <span class='ocrx_word' id='word_1_106' title='bbox 407 1697 654 1758; x_wconf 84' lang='lat' dir='ltr'>immortalitatem</span> <span class='ocrx_word' id='word_1_107' title='bbox 678 1699 757 1754; x_wconf 83' lang='lat' dir='ltr'>dere.</span> <span class='ocrx_word' id='word_1_108' title='bbox 799 1699 878 1756; x_wconf 84' lang='lat' dir='ltr'>Nom</span> <span class='ocrx_word' id='word_1_109' title='bbox 904 1700 1096 1774; x_wconf 82' lang='lat' dir='ltr'>Pythagoras,</span> 
     </span>
     <span class='ocr_line' id='line_1_16' title="bbox 220 1798 1097 1878; baseline -0.001 -20"><span class='ocrx_word' id='word_1_110' title='bbox 220 1802 269 1877; x_wconf 85' lang='lat' dir='ltr'>qui</span> <span class='ocrx_word' id='word_1_111' title='bbox 283 1801 407 1878; x_wconf 69' lang='lat' dir='ltr'>censuit,</span> <span class='ocrx_word' id='word_1_112' title='bbox 428 1798 558 1856; x_wconf 77' lang='lat' dir='ltr'>animum</span> <span class='ocrx_word' id='word_1_113' title='bbox 571 1816 635 1854; x_wconf 89' lang='lat' dir='ltr'>esse</span> <span class='ocrx_word' id='word_1_114' title='bbox 651 1814 703 1869; x_wconf 90' lang='lat' dir='ltr'>per</span> <span class='ocrx_word' id='word_1_115' title='bbox 722 1802 855 1856; x_wconf 81' lang='lat' dir='ltr'>naturam</span> <span class='ocrx_word' id='word_1_116' title='bbox 871 1817 964 1856; x_wconf 91' lang='lat' dir='ltr'>rerum</span> <span class='ocrx_word' id='word_1_117' title='bbox 975 1815 1097 1858; x_wconf 89' lang='lat' dir='ltr'>omnem</span> 
     </span>
     <span class='ocr_line' id='line_1_17' title="bbox 220 1879 1099 1972; baseline -0.002 -14"><span class='ocrx_word' id='word_1_118' title='bbox 220 1899 376 1966; x_wconf 88' lang='lat' dir='ltr'>intentum,</span> <span class='ocrx_word' id='word_1_119' title='bbox 398 1902 429 1954; x_wconf 91' lang='lat' dir='ltr'>et</span> <span class='ocrx_word' id='word_1_120' title='bbox 442 1901 666 1964; x_wconf 79' lang='lat' dir='ltr'>commeantem,</span> <span class='ocrx_word' id='word_1_121' title='bbox 681 1914 720 1953; x_wconf 81' lang='lat' dir='ltr'>ex</span> <span class='ocrx_word' id='word_1_122' title='bbox 746 1914 803 1972; x_wconf 88' lang='lat' dir='ltr'>quo</span> <span class='ocrx_word' id='word_1_123' title='bbox 818 1879 912 1954; x_wconf 78' lang='lat' dir='ltr'>nostri</span> <span class='ocrx_word' id='word_1_124' title='bbox 932 1898 1023 1955; x_wconf 83' lang='lat' dir='ltr'>animi</span> <span class='ocrx_word' id='word_1_125' title='bbox 1037 1915 1099 1956; x_wconf 83' lang='lat' dir='ltr'>cor·</span> 
     </span>
     <span class='ocr_line' id='line_1_18' title="bbox 220 1995 1098 2073; baseline -0.001 -18"><span class='ocrx_word' id='word_1_126' title='bbox 220 2003 365 2073; x_wconf 86' lang='lat' dir='ltr'>perenlur‚</span> <span class='ocrx_word' id='word_1_127' title='bbox 379 2013 438 2055; x_wconf 91' lang='lat' dir='ltr'>non</span> <span class='ocrx_word' id='word_1_128' title='bbox 460 1995 545 2062; x_wconf 85' lang='lat' dir='ltr'>vidit,</span> <span class='ocrx_word' id='word_1_129' title='bbox 559 1995 751 2054; x_wconf 79' lang='lat' dir='ltr'>distractione</span> <span class='ocrx_word' id='word_1_130' title='bbox 772 1997 967 2055; x_wconf 84' lang='lat' dir='ltr'>humanorum</span> <span class='ocrx_word' id='word_1_131' title='bbox 989 1997 1098 2055; x_wconf 83' lang='lat' dir='ltr'>animo·</span> 
     </span>
     <span class='ocr_line' id='line_1_19' title="bbox 219 2094 1098 2167; baseline -0.002 -11"><span class='ocrx_word' id='word_1_132' title='bbox 219 2115 283 2156; x_wconf 86' lang='lat' dir='ltr'>rum</span> <span class='ocrx_word' id='word_1_133' title='bbox 298 2094 423 2167; x_wconf 83' lang='lat' dir='ltr'>discerpi</span> <span class='ocrx_word' id='word_1_134' title='bbox 434 2100 464 2151; x_wconf 90' lang='lat' dir='ltr'>et</span> <span class='ocrx_word' id='word_1_135' title='bbox 479 2095 601 2152; x_wconf 82' lang='lat' dir='ltr'>lacerari</span> <span class='ocrx_word' id='word_1_136' title='bbox 620 2095 725 2152; x_wconf 87' lang='lat' dir='ltr'>deum:</span> <span class='ocrx_word' id='word_1_137' title='bbox 755 2101 785 2154; x_wconf 87' lang='lat' dir='ltr'>et</span> <span class='ocrx_word' id='word_1_138' title='bbox 799 2113 867 2154; x_wconf 90' lang='lat' dir='ltr'>cum</span> <span class='ocrx_word' id='word_1_139' title='bbox 894 2095 992 2154; x_wconf 88' lang='lat' dir='ltr'>miseri</span> <span class='ocrx_word' id='word_1_140' title='bbox 1007 2095 1098 2154; x_wconf 84' lang='lat' dir='ltr'>animi</span> 
     </span>
    </p>
   </div>
   <div class='ocr_carea' id='block_1_3' title="bbox 220 2185 1097 2364">
    <p class='ocr_par' dir='ltr' id='par_1_3' title="bbox 220 2185 1097 2364">
     <span class='ocr_line' id='line_1_20' title="bbox 220 2185 1097 2269; baseline -0.001 -16"><span class='ocrx_word' id='word_1_141' title='bbox 220 2185 329 2261; x_wconf 85' lang='lat' dir='ltr'>essent,</span> <span class='ocrx_word' id='word_1_142' title='bbox 343 2194 419 2268; x_wconf 87' lang='lat' dir='ltr'>qood</span> <span class='ocrx_word' id='word_1_143' title='bbox 443 2193 587 2266; x_wconf 90' lang='lat' dir='ltr'>plerisque</span> <span class='ocrx_word' id='word_1_144' title='bbox 610 2193 804 2269; x_wconf 87' lang='lat' dir='ltr'>contingeret,</span> <span class='ocrx_word' id='word_1_145' title='bbox 828 2201 889 2252; x_wconf 89' lang='lat' dir='ltr'>turn</span> <span class='ocrx_word' id='word_1_146' title='bbox 911 2196 960 2252; x_wconf 90' lang='lat' dir='ltr'>dei</span> <span class='ocrx_word' id='word_1_147' title='bbox 983 2201 1097 2269; x_wconf 85' lang='lat' dir='ltr'>portem</span> 
     </span>
     <span class='ocr_line' id='line_1_21' title="bbox 221 2289 1096 2364; baseline -0.003 -14"><span class='ocrx_word' id='word_1_148' title='bbox 221 2309 286 2350; x_wconf 84' lang='lat' dir='ltr'>csse</span> <span class='ocrx_word' id='word_1_149' title='bbox 310 2291 462 2348; x_wconf 82' lang='lat' dir='ltr'>miseram:</span> <span class='ocrx_word' id='word_1_150' title='bbox 492 2290 568 2364; x_wconf 89' lang='lat' dir='ltr'>quod</span> <span class='ocrx_word' id='word_1_151' title='bbox 594 2289 656 2346; x_wconf 87' lang='lat' dir='ltr'>fieri</span> <span class='ocrx_word' id='word_1_152' title='bbox 679 2309 737 2347; x_wconf 92' lang='lat' dir='ltr'>non</span> <span class='ocrx_word' id='word_1_153' title='bbox 765 2297 869 2364; x_wconf 84' lang='lat' dir='ltr'>potest.</span> <span class='ocrx_word' id='word_1_154' title='bbox 912 2291 972 2350; x_wconf 78' lang='lat' dir='ltr'>Gur</span> <span class='ocrx_word' id='word_1_155' title='bbox 996 2299 1096 2348; x_wconf 85' lang='lat' dir='ltr'>autern</span> 
     </span>
    </p>
   </div>
   <div class='ocr_carea' id='block_1_4' title="bbox 220 2386 1098 2580">
    <p class='ocr_par' dir='ltr' id='par_1_4' title="bbox 220 2386 1098 2580">
     <span class='ocr_line' id='line_1_22' title="bbox 220 2386 1098 2476; baseline 0.001 -29"><span class='ocrx_word' id='word_1_156' title='bbox 220 2389 376 2476; x_wconf 81' lang='lat' dir='ltr'>quidquam</span> <span class='ocrx_word' id='word_1_157' title='bbox 395 2389 542 2464; x_wconf 85' lang='lat' dir='ltr'>ignoraret</span> <span class='ocrx_word' id='word_1_158' title='bbox 556 2387 669 2446; x_wconf 85' lang='lat' dir='ltr'>animus</span> <span class='ocrx_word' id='word_1_159' title='bbox 698 2389 834 2457; x_wconf 88' lang='lat' dir='ltr'>hominis,</span> <span class='ocrx_word' id='word_1_160' title='bbox 858 2389 884 2446; x_wconf 90' lang='lat' dir='ltr'>si</span> <span class='ocrx_word' id='word_1_161' title='bbox 908 2395 985 2446; x_wconf 88' lang='lat' dir='ltr'>esset</span> <span class='ocrx_word' id='word_1_162' title='bbox 1001 2386 1098 2448; x_wconf 77' lang='lat' dir='ltr'>deus?</span> 
     </span>
     <span class='ocr_line' id='line_1_23' title="bbox 220 2487 1096 2580; baseline -0.002 -34"><span class='ocrx_word' id='word_1_163' title='bbox 220 2489 363 2565; x_wconf 88' lang='lat' dir='ltr'>quomodo</span> <span class='ocrx_word' id='word_1_164' title='bbox 377 2507 461 2562; x_wconf 91' lang='lat' dir='ltr'>porro</span> <span class='ocrx_word' id='word_1_165' title='bbox 474 2489 545 2545; x_wconf 87' lang='lat' dir='ltr'>deus</span> <span class='ocrx_word' id='word_1_166' title='bbox 560 2487 624 2553; x_wconf 91' lang='lat' dir='ltr'>iste,</span> <span class='ocrx_word' id='word_1_167' title='bbox 649 2489 674 2544; x_wconf 93' lang='lat' dir='ltr'>si</span> <span class='ocrx_word' id='word_1_168' title='bbox 696 2489 770 2580; x_wconf 77' lang='lat' dir='ltr'>nihil</span> <span class='ocrx_word' id='word_1_169' title='bbox 795 2494 872 2546; x_wconf 87' lang='lat' dir='ltr'>esset</span> <span class='ocrx_word' id='word_1_170' title='bbox 894 2489 951 2546; x_wconf 87' lang='lat' dir='ltr'>nisi</span> <span class='ocrx_word' id='word_1_171' title='bbox 972 2489 1096 2557; x_wconf 82' lang='lat' dir='ltr'>animus,</span> 
     </span>
    </p>
   </div>
   <div class='ocr_carea' id='block_1_5' title="bbox 134 2585 1097 2657">
    <p class='ocr_par' dir='ltr' id='par_1_5' title="bbox 134 2585 1097 2657">
     <span class='ocr_line' id='line_1_24' title="bbox 134 2585 1097 2657; baseline -0.003 -10"><span class='ocrx_word' id='word_1_172' title='bbox 134 2585 139 2592; x_wconf 83' lang='grc'><em>’</em></span> <span class='ocrx_word' id='word_1_173' title='bbox 220 2594 271 2648; x_wconf 83' lang='lat' dir='ltr'>sul</span> <span class='ocrx_word' id='word_1_174' title='bbox 286 2589 401 2657; x_wconf 76' lang='lat' dir='ltr'>inlusus,</span> <span class='ocrx_word' id='word_1_175' title='bbox 415 2595 464 2644; x_wconf 84' lang='lat' dir='ltr'>aut</span> <span class='ocrx_word' id='word_1_176' title='bbox 478 2587 588 2644; x_wconf 87' lang='lat' dir='ltr'>inlusus</span> <span class='ocrx_word' id='word_1_177' title='bbox 603 2596 680 2644; x_wconf 86' lang='lat' dir='ltr'>esset</span> <span class='ocrx_word' id='word_1_178' title='bbox 695 2587 727 2644; x_wconf 89' lang='lat' dir='ltr'>in</span> <span class='ocrx_word' id='word_1_179' title='bbox 748 2585 879 2646; x_wconf 83' lang='lat' dir='ltr'>mundo?</span> <span class='ocrx_word' id='word_1_180' title='bbox 900 2587 979 2644; x_wconf 78' lang='lat' dir='ltr'>Turn</span> <span class='ocrx_word' id='word_1_181' title='bbox 996 2589 1097 2646; x_wconf 86' lang='lat' dir='ltr'>Xeno·</span> 
     </span>
    </p>
   </div>
   <div class='ocr_carea' id='block_1_6' title="bbox 220 2685 1098 2964">
    <p class='ocr_par' dir='ltr' id='par_1_6' title="bbox 220 2685 1098 2964">
     <span class='ocr_line' id='line_1_25' title="bbox 220 2685 1097 2763; baseline -0.002 -17"><span class='ocrx_word' id='word_1_182' title='bbox 220 2690 340 2763; x_wconf 85' lang='lat' dir='ltr'>phones,</span> <span class='ocrx_word' id='word_1_183' title='bbox 355 2689 403 2760; x_wconf 88' lang='lat' dir='ltr'>qui</span> <span class='ocrx_word' id='word_1_184' title='bbox 427 2691 526 2742; x_wconf 88' lang='lat' dir='ltr'>mente</span> <span class='ocrx_word' id='word_1_185' title='bbox 551 2685 700 2758; x_wconf 81' lang='lat' dir='ltr'>adjuncto,</span> <span class='ocrx_word' id='word_1_186' title='bbox 721 2703 809 2743; x_wconf 89' lang='lat' dir='ltr'>omne</span> <span class='ocrx_word' id='word_1_187' title='bbox 835 2690 996 2760; x_wconf 83' lang='lat' dir='ltr'>praetereo,</span> <span class='ocrx_word' id='word_1_188' title='bbox 1017 2687 1097 2762; x_wconf 88' lang='lat' dir='ltr'>quod</span> 
     </span>
     <span class='ocr_line' id='line_1_26' title="bbox 221 2786 1098 2860; baseline -0.005 -14"><span class='ocrx_word' id='word_1_189' title='bbox 221 2795 298 2847; x_wconf 82' lang='lat' dir='ltr'>esset</span> <span class='ocrx_word' id='word_1_190' title='bbox 309 2789 463 2854; x_wconf 86' lang='lat' dir='ltr'>inlinitum,</span> <span class='ocrx_word' id='word_1_191' title='bbox 477 2788 563 2843; x_wconf 87' lang='lat' dir='ltr'>deum</span> <span class='ocrx_word' id='word_1_192' title='bbox 579 2786 672 2842; x_wconf 91' lang='lat' dir='ltr'>voluit</span> <span class='ocrx_word' id='word_1_193' title='bbox 686 2803 761 2853; x_wconf 84' lang='lat' dir='ltr'>esse,</span> <span class='ocrx_word' id='word_1_194' title='bbox 775 2787 811 2842; x_wconf 91' lang='lat' dir='ltr'>de</span> <span class='ocrx_word' id='word_1_195' title='bbox 826 2787 890 2860; x_wconf 85' lang='lat' dir='ltr'>ipss</span> <span class='ocrx_word' id='word_1_196' title='bbox 914 2795 1013 2845; x_wconf 88' lang='lat' dir='ltr'>mente</span> <span class='ocrx_word' id='word_1_197' title='bbox 1026 2787 1098 2843; x_wconf 89' lang='lat' dir='ltr'>item</span> 
     </span>
     <span class='ocr_line' id='line_1_27' title="bbox 220 2884 1098 2964; baseline -0.007 -17"><span class='ocrx_word' id='word_1_198' title='bbox 220 2889 449 2964; x_wconf 86' lang='lat' dir='ltr'>reprehenditur,</span> <span class='ocrx_word' id='word_1_199' title='bbox 469 2884 626 2944; x_wconf 87' lang='lat' dir='ltr'>ulceteri:</span> <span class='ocrx_word' id='word_1_200' title='bbox 653 2887 691 2944; x_wconf 90' lang='lat' dir='ltr'>de</span> <span class='ocrx_word' id='word_1_201' title='bbox 715 2886 862 2944; x_wconf 81' lang='lat' dir='ltr'>intinitate</span> <span class='ocrx_word' id='word_1_202' title='bbox 885 2895 983 2944; x_wconf 81' lang='lat' dir='ltr'>autom</span> <span class='ocrx_word' id='word_1_203' title='bbox 1009 2886 1098 2942; x_wconf 87' lang='lat' dir='ltr'>vehe-</span> 
     </span>
    </p>
   </div>
   <div class='ocr_carea' id='block_1_7' title="bbox 154 3057 1098 3244">
    <p class='ocr_par' dir='ltr' id='par_1_7' title="bbox 154 3057 1098 3244">
     <span class='ocr_line' id='line_1_28' title="bbox 154 3057 1098 3130; baseline -0.008 -18"><span class='ocrx_word' id='word_1_204' title='bbox 154 3125 156 3129; x_wconf 67' lang='lat'>,</span> <span class='ocrx_word' id='word_1_205' title='bbox 220 3063 327 3112; x_wconf 85' lang='lat' dir='ltr'>divinitus</span> <span class='ocrx_word' id='word_1_206' title='bbox 343 3063 460 3124; x_wconf 84' lang='lat' dir='ltr'>impressus</span> <span class='ocrx_word' id='word_1_207' title='bbox 475 3059 603 3121; x_wconf 85' lang='lat' dir='ltr'>corporibus</span> <span class='ocrx_word' id='word_1_208' title='bbox 614 3062 638 3105; x_wconf 86' lang='lat' dir='ltr'>et</span> <span class='ocrx_word' id='word_1_209' title='bbox 657 3057 675 3105; x_wconf 84' lang='lat' dir='ltr'>is</span> <span class='ocrx_word' id='word_1_210' title='bbox 697 3059 788 3130; x_wconf 75' lang='lat' dir='ltr'>quidem</span> <span class='ocrx_word' id='word_1_211' title='bbox 807 3063 881 3130; x_wconf 75' lang='lat' dir='ltr'>certus</span> <span class='ocrx_word' id='word_1_212' title='bbox 902 3074 929 3106; x_wconf 81' lang='lat' dir='ltr'>oc</span> <span class='ocrx_word' id='word_1_213' title='bbox 947 3059 1098 3130; x_wconf 61' lang='lat' dir='ltr'>definitusut</span> 
     </span>
     <span class='ocr_line' id='line_1_29' title="bbox 220 3123 1097 3183; baseline -0.007 -12"><span class='ocrx_word' id='word_1_214' title='bbox 220 3124 324 3171; x_wconf 82' lang='lat' dir='ltr'>siderum.</span> <span class='ocrx_word' id='word_1_215' title='bbox 367 3125 445 3183; x_wconf 86' lang='lat' dir='ltr'>ltaque</span> <span class='ocrx_word' id='word_1_216' title='bbox 464 3135 509 3166; x_wconf 90' lang='lat' dir='ltr'>non</span> <span class='ocrx_word' id='word_1_217' title='bbox 529 3124 583 3180; x_wconf 91' lang='lat' dir='ltr'>puto</span> <span class='ocrx_word' id='word_1_218' title='bbox 603 3133 758 3174; x_wconf 77' lang='lat' dir='ltr'>necessarium,</span> <span class='ocrx_word' id='word_1_219' title='bbox 784 3133 866 3178; x_wconf 82' lang='lat' dir='ltr'>rorrrgr</span> <span class='ocrx_word' id='word_1_220' title='bbox 888 3123 979 3173; x_wconf 82' lang='lat' dir='ltr'>molum,</span> <span class='ocrx_word' id='word_1_221' title='bbox 996 3128 1021 3165; x_wconf 91' lang='lat' dir='ltr'>ut</span> <span class='ocrx_word' id='word_1_222' title='bbox 1044 3131 1097 3165; x_wconf 81' lang='lat' dir='ltr'>vrrrs</span> 
     </span>
     <span class='ocr_line' id='line_1_30' title="bbox 221 3178 999 3244; baseline -0.008 -14"><span class='ocrx_word' id='word_1_223' title='bbox 221 3183 292 3230; x_wconf 87' lang='lat' dir='ltr'>doctis</span> <span class='ocrx_word' id='word_1_224' title='bbox 299 3181 395 3244; x_wconf 81' lang='lat' dir='ltr'>placuit:</span> <span class='ocrx_word' id='word_1_225' title='bbox 413 3195 453 3226; x_wconf 87' lang='lat' dir='ltr'>nec</span> <span class='ocrx_word' id='word_1_226' title='bbox 463 3183 538 3225; x_wconf 82' lang='lat' dir='ltr'>tauron</span> <span class='ocrx_word' id='word_1_227' title='bbox 548 3178 666 3224; x_wconf 79' lang='lat' dir='ltr'>absurdum</span> <span class='ocrx_word' id='word_1_228' title='bbox 674 3179 711 3234; x_wconf 82' lang='lat' dir='ltr'>sit,</span> <span class='ocrx_word' id='word_1_229' title='bbox 722 3179 754 3223; x_wconf 79' lang='lat' dir='ltr'>ito</span> <span class='ocrx_word' id='word_1_230' title='bbox 765 3179 839 3236; x_wconf 73' lang='lat' dir='ltr'>tepere</span> <span class='ocrx_word' id='word_1_231' title='bbox 849 3191 891 3238; x_wconf 90' lang='lat' dir='ltr'>pro</span> <span class='ocrx_word' id='word_1_232' title='bbox 902 3180 999 3224; x_wconf 78' lang='lat' dir='ltr'>modum.</span> 
     </span>
    </p>
   </div>
   <div class='ocr_carea' id='block_1_8' title="bbox 221 3255 1093 3381">
    <p class='ocr_par' dir='ltr' id='par_1_8' title="bbox 221 3255 1093 3381">
     <span class='ocr_line' id='line_1_31' title="bbox 250 3255 1093 3319; baseline -0.007 -11"><span class='ocrx_word' id='word_1_233' title='bbox 250 3262 272 3295; x_wconf 87' lang='lat'>⁴⁵</span> <span class='ocrx_word' id='word_1_234' title='bbox 286 3275 381 3316; x_wconf 79' lang='lat' dir='ltr'>reorum,</span> <span class='ocrx_word' id='word_1_235' title='bbox 390 3274 431 3319; x_wconf 81' lang='lat' dir='ltr'>qno</span> <span class='ocrx_word' id='word_1_236' title='bbox 440 3271 485 3305; x_wconf 81' lang='lat' dir='ltr'>nors</span> <span class='ocrx_word' id='word_1_237' title='bbox 498 3257 546 3313; x_wconf 77' lang='lat' dir='ltr'>ipso</span> <span class='ocrx_word' id='word_1_238' title='bbox 555 3261 639 3302; x_wconf 81' lang='lat' dir='ltr'>notura</span> <span class='ocrx_word' id='word_1_239' title='bbox 649 3258 713 3312; x_wconf 80' lang='lat' dir='ltr'>pulso</span> <span class='ocrx_word' id='word_1_240' title='bbox 723 3256 822 3317; x_wconf 71' lang='lat' dir='ltr'>sentiret]</span> <span class='ocrx_word' id='word_1_241' title='bbox 833 3256 848 3301; x_wconf 91' lang='lat' dir='ltr'>i.</span> <span class='ocrx_word' id='word_1_242' title='bbox 861 3271 880 3303; x_wconf 90' lang='lat' dir='ltr'>e.</span> <span class='ocrx_word' id='word_1_243' title='bbox 893 3271 988 3314; x_wconf 80' lang='lat' dir='ltr'>sensum,</span> <span class='ocrx_word' id='word_1_244' title='bbox 999 3255 1037 3318; x_wconf 81' lang='lat' dir='ltr'>qui</span> <span class='ocrx_word' id='word_1_245' title='bbox 1049 3269 1093 3302; x_wconf 85' lang='lat' dir='ltr'>noo</span> 
     </span>
     <span class='ocr_line' id='line_1_32' title="bbox 221 3316 727 3381; baseline -0.012 -13"><span class='ocrx_word' id='word_1_246' title='bbox 221 3335 236 3368; x_wconf 80' lang='lat' dir='ltr'>c</span> <span class='ocrx_word' id='word_1_247' title='bbox 250 3328 311 3367; x_wconf 86' lang='lat' dir='ltr'>motu</span> <span class='ocrx_word' id='word_1_248' title='bbox 321 3321 387 3381; x_wconf 84' lang='lat' dir='ltr'>ipsios</span> <span class='ocrx_word' id='word_1_249' title='bbox 397 3324 492 3364; x_wconf 83' lang='lat' dir='ltr'>naturae</span> <span class='ocrx_word' id='word_1_250' title='bbox 500 3316 622 3371; x_wconf 82' lang='lat' dir='ltr'>sentientis,</span> <span class='ocrx_word' id='word_1_251' title='bbox 633 3316 727 3362; x_wconf 81' lang='lat' dir='ltr'>oriatur.</span> 
     </span>
    </p>
   </div>
   <div class='ocr_carea' id='block_1_9' title="bbox 251 3393 1077 3459">
    <p class='ocr_par' dir='ltr' id='par_1_9' title="bbox 251 3393 1077 3459">
     <span class='ocr_line' id='line_1_33' title="bbox 251 3393 1077 3459; baseline -0.007 -14"><span class='ocrx_word' id='word_1_252' title='bbox 251 3399 273 3433; x_wconf 80' lang='lat'>⁴⁶</span> <span class='ocrx_word' id='word_1_253' title='bbox 288 3399 374 3459; x_wconf 77' lang='lat' dir='ltr'>aliquid</span> <span class='ocrx_word' id='word_1_254' title='bbox 382 3396 486 3458; x_wconf 71' lang='lat' dir='ltr'>interius]</span> <span class='ocrx_word' id='word_1_255' title='bbox 503 3395 602 3442; x_wconf 80' lang='lat' dir='ltr'>interius</span> <span class='ocrx_word' id='word_1_256' title='bbox 609 3395 730 3454; x_wconf 87' lang='lat' dir='ltr'>opponitur</span> <span class='ocrx_word' id='word_1_257' title='bbox 739 3393 845 3440; x_wconf 85' lang='lat' dir='ltr'>exteriori</span> <span class='ocrx_word' id='word_1_258' title='bbox 856 3393 870 3442; x_wconf 87' lang='lat' dir='ltr'>i.</span> <span class='ocrx_word' id='word_1_259' title='bbox 882 3407 902 3442; x_wconf 82' lang='lat' dir='ltr'>c.</span> <span class='ocrx_word' id='word_1_260' title='bbox 915 3394 1014 3456; x_wconf 84' lang='lat' dir='ltr'>corpori.</span> <span class='ocrx_word' id='word_1_261' title='bbox 1075 3419 1077 3424; x_wconf 95' lang='lat'>·</span> 
     </span>
    </p>
   </div>
   <div class='ocr_carea' id='block_1_10' title="bbox 222 3474 1097 3598">
    <p class='ocr_par' dir='ltr' id='par_1_10' title="bbox 222 3474 1097 3598">
     <span class='ocr_line' id='line_1_34' title="bbox 251 3474 1097 3536; baseline -0.005 -13"><span class='ocrx_word' id='word_1_262' title='bbox 251 3478 273 3510; x_wconf 73' lang='lat'>⁴⁷</span> <span class='ocrx_word' id='word_1_263' title='bbox 288 3482 361 3534; x_wconf 79' lang='lat' dir='ltr'>operto</span> <span class='ocrx_word' id='word_1_264' title='bbox 375 3477 507 3536; x_wconf 74' lang='lat' dir='ltr'>simplosque</span> <span class='ocrx_word' id='word_1_265' title='bbox 525 3474 595 3534; x_wconf 80' lang='lat' dir='ltr'>mens]</span> <span class='ocrx_word' id='word_1_266' title='bbox 615 3479 690 3529; x_wconf 81' lang='lat' dir='ltr'>operto</span> <span class='ocrx_word' id='word_1_267' title='bbox 710 3489 767 3534; x_wconf 80' lang='lat' dir='ltr'>qure</span> <span class='ocrx_word' id='word_1_268' title='bbox 780 3488 832 3519; x_wconf 81' lang='lat' dir='ltr'>non</span> <span class='ocrx_word' id='word_1_269' title='bbox 852 3479 915 3523; x_wconf 71' lang='lat' dir='ltr'>recta</span> <span class='ocrx_word' id='word_1_270' title='bbox 934 3475 964 3523; x_wconf 76' lang='lat' dir='ltr'>rit</span> <span class='ocrx_word' id='word_1_271' title='bbox 983 3483 1097 3535; x_wconf 75' lang='lat' dir='ltr'>corpore:</span> 
     </span>
     <span class='ocr_line' id='line_1_35' title="bbox 222 3533 928 3598; baseline -0.016 -8"><span class='ocrx_word' id='word_1_272' title='bbox 222 3536 315 3594; x_wconf 60' lang='lat' dir='ltr'>dorla</span> <span class='ocrx_word' id='word_1_273' title='bbox 324 3536 347 3585; x_wconf 89' lang='lat' dir='ltr'>iu</span> <span class='ocrx_word' id='word_1_274' title='bbox 356 3551 399 3598; x_wconf 79' lang='lat' dir='ltr'>qus</span> <span class='ocrx_word' id='word_1_275' title='bbox 409 3537 465 3584; x_wconf 83' lang='lat' dir='ltr'>nitril</span> <span class='ocrx_word' id='word_1_276' title='bbox 474 3537 503 3584; x_wconf 86' lang='lat' dir='ltr'>rit</span> <span class='ocrx_word' id='word_1_277' title='bbox 513 3533 620 3592; x_wconf 84' lang='lat' dir='ltr'>concreti,</span> <span class='ocrx_word' id='word_1_278' title='bbox 629 3533 701 3596; x_wconf 79' lang='lat' dir='ltr'>misti,</span> <span class='ocrx_word' id='word_1_279' title='bbox 712 3533 837 3595; x_wconf 81' lang='lat' dir='ltr'>compositi.</span> <span class='ocrx_word' id='word_1_280' title='bbox 925 3589 928 3594; x_wconf 28' lang='grc' dir='ltr'>ι</span> 
     </span>
    </p>
   </div>
   <div class='ocr_carea' id='block_1_11' title="bbox 0 0 1287 4198">
    <p class='ocr_par' dir='ltr' id='par_1_11' title="bbox 0 0 1287 4198">
     <span class='ocr_line' id='line_1_36' title="bbox 0 0 1287 4198; baseline 0 0"><span class='ocrx_word' id='word_1_281' title='bbox 0 0 1287 4198; x_wconf 95' lang='lat' dir='ltr'> </span> 
     </span>
    </p>
   </div>
  </div>
 </body>
</html>
