2558 4198
205 301 270 364 304
462 292 823 346 neurrumnaoaum

205 448 250 502 est
263 459 377 517 corpus,
391 445 443 502 sed
461 443 543 520 quasi
566 461 680 518 corpus.
696 445 753 506 hoe
772 445 979 522 intelligerem,
991 455 1077 526 quale

205 547 292 610 esset,
306 543 331 600 si
345 541 407 600 id‘
421 541 453 602 in
467 543 542 600 ceris
565 545 730 618 tingeretur,
749 551 802 610 aul
813 547 951 606 fictilibus
971 550 1079 624 liguris.

205 643 237 700 in
251 643 307 700 deo
319 641 387 718 quid
401 642 439 700 sit
452 641 534 718 quasi
555 661 669 716 corpus,
682 650 733 703 aut
746 645 829 720 quasi
849 648 978 722 sanguis,
992 650 1080 709 iutel-

206 742 297 816 ligere
318 759 377 800 non
400 759 524 816 possum.
544 759 581 800 ne
601 749 632 800 tu
656 743 783 816 quidem,
802 745 921 806 Vellei:
950 749 1001 806 sed
1020 766 1081 808 non

206 842 252 900 vis
263 842 355 900 lateri.
389 843 451 901 Ista
464 841 544 906 enim
558 859 575 898 a
590 842 673 898 vohis
688 843 771 916 quasi
784 843 895 903 dictata
910 846 1076 915 redduntur,

205 959 280 1016 quae
293 942 435 1018 Epicurus
449 941 577 998 oscitans
592 940 775 998 halucinatus
797 948 851 1010 est,
872 959 940 1000 cum
962 945 1079 1019 quidem
1144 951 1163 974 ”

206 1041 385 1115 gloriaretur,
412 1046 444 1098 ut
481 1037 613 1098 videmus
642 1039 672 1097 in
698 1040 823 1112 scriptis,
851 1059 883 1098 se
911 1043 1080 1117 magistrum

206 1140 342 1201 hahuisse
366 1141 487 1198 nullum.
513 1141 587 1214 quod
615 1143 647 1196 et
674 1156 732 1198 non
761 1139 952 1212 praedicanti,
979 1147 1079 1200 tamen

205 1238 294 1297 tacite
313 1238 430 1312 quidem
450 1239 616 1296 crederem:
636 1238 713 1296 sieut
727 1238 798 1298 mali
818 1240 945 1298 aedilicii
959 1241 1077 1300 domino

206 1337 353 1412 glorianti,
367 1356 399 1394 se
418 1337 611 1394 architectum
635 1355 693 1394 non
707 1337 973 1400 ⁴hahuisse.,⁵nihil
996 1339 1077 1396 enim

206 1439 267 1495 olet
281 1454 318 1492 ex
332 1435 505 1520 Academia,
516 1434 589 1493 nihil
605 1454 642 1492 ex
657 1436 772 1509 Lyceo,
786 1437 859 1496 nihil
873 1443 909 1494 ne
923 1455 939 1494 e
959 1436 1076 1510 puerili·

180 1515 183 1520 Ι
205 1537 259 1594 hus
273 1535 389 1611 quidem
411 1533 584 1608 disciplinis.
627 1535 826 1594 Xenocratem
848 1534 947 1597 audire
961 1535 1074 1608 potuit:

205 1654 291 1714 quem
302 1631 416 1692 virum?
430 1632 472 1691 dii
486 1633 681 1698 immortales!
697 1639 727 1692 et
738 1639 814 1704 suut,
826 1635 876 1709 qui
884 1639 987 1708 putant
997 1634 1077 1706 audi·

204 1737 297 1794 risse:
320 1735 383 1809 ipse
398 1751 456 1792 non
471 1735 542 1790 vult.
557 1733 646 1789 credo
657 1734 720 1806 plus
741 1732 862 1792 nemini.
885 1734 1075 1808 Pamphilam

206 1837 359 1909 quendam,
368 1831 500 1892 Platonis
508 1833 678 1901 auditorem,
687 1831 791 1900 aitase
801 1832 1077 1894 Samiaudirumdbi

206 1933 284 1992 enim
296 1933 467 1990 adolescens
478 1931 628 1988 habitabat
636 1948 703 1988 eum
715 1935 795 2005 patre
803 1937 834 1990 et
847 1931 989 2000 tratribus,
998 1932 1074 2007 quod

206 2034 237 2092 in
247 2049 311 2088 eam
322 2036 403 2104 pater
413 2029 474 2102 ejus
484 2031 612 2086 Neocles
621 2029 632 2060 ⁶
641 2029 771 2104 agripeta
783 2036 913 2091 venerat.
930 2031 999 2096 Sed,
1007 2047 1076 2088 cum

207 2133 317 2207 agellus
332 2146 397 2186 eum
412 2145 471 2186 non
492 2127 562 2194 satis
576 2129 676 2196 aleret,
689 2132 722 2184 ut
742 2127 854 2202 opinor,
877 2129 1077 2204 ludimagister

207 2230 283 2296 luit.v
313 2229 372 2286 Sed
394 2227 472 2284 hunc
487 2226 673 2310 Platonicum
693 2226 815 2286 mirifice
829 2228 992 2286 contemnit
1006 2226 1077 2301 Epi·

207 2347 310 2388 curus:
341 2327 382 2384 ita
396 2324 509 2394 metuit,
523 2344 560 2384 ne
574 2326 644 2402 quid
665 2343 802 2401 umquam
823 2327 961 2386 didicisse
978 2327 1077 2387 videa·

208 2436 263 2488 tur.
318 2427 355 2500 ln
383 2425 573 2500 Nausiphane
598 2424 792 2484 Democriteo
819 2430 956 2484 tenetur:
990 2442 1077 2500 quem

207 2545 275 2586 cum
289 2544 306 2586 a
320 2545 352 2592 ee
374 2543 432 2584 non
458 2530 546 2600 neget
559 2525 699 2594 auditum,
713 2530 805 2584 vexat
821 2529 918 2582 tamen
930 2523 1076 2592 ‚omnibus

207 2625 401 2689 contumeliis.
437 2623 529 2698 Atqui
541 2625 567 2680 ei
578 2625 651 2688 haec
663 2623 854 2682 Democritea
864 2641 922 2682 non
934 2623 1075 2694 audisset,

208 2727 284 2804 quid,
296 2720 450 2785 audierat?
480 2722 607 2798 quidest
628 2723 812 2798 inphysicis
834 2722 956 2797 Epicuri
976 2740 1036 2782 non
1053 2741 1077 2792 ‚a

237 2905 249 2938 ⁴
263 2903 289 2951 in
308 2901 398 2958 cedas.
415 2904 456 2947 arrt
475 2898 587 2952 fictilibus
597 2899 706 2960 figaria]
739 2897 842 2946 Davisius
852 2912 879 2944 ex
888 2897 922 2944 ed.
942 2898 993 2945 ald.
1005 2896 1079 2949 edidit

208 2965 290 3012 rucis:
307 2963 374 3023 idque
384 2959 464 3022 prohat
474 2959 589 3006 Buheriur.
608 2975 653 3006 non
670 2959 737 3004 male.
770 2959 813 3004 Sed
825 2967 936 3018 cerne'pro
945 2956 1078 3015 imaginihus

207 3023 277 3069 cereis
288 3022 398 3068 dicuntur.
430 3019 487 3066 Mes.
499 3031 574 3064 omnes
584 3018 606 3064 in
616 3019 672 3064 ceris
681 3017 828 3064 consentiunt.
839 3016 915 3076 itaque
926 3015 981 3062 nihil
991 3020 1079 3062 mutan·

208 3084 335 3142 dum-puto.

235 3161 247 3194 ὅ
260 3159 320 3207 auu
329 3149 348 3204 e.
358 3157 418 3217 olea]
450 3155 508 3202 Mar.
518 3154 609 3216 quidem
620 3154 677 3201 Dav.
694 3158 719 3200 et
735 3151 907 3212 Guell'fleret:
925 3152 984 3214 quod
1003 3151 1043 3198 ille
1053 3156 1079 3198 et

205 3219 298 3280 recepit.
318 3221 392 3264 firmat
410 3231 423 3261 e
440 3214 520 3260 Partit.
539 3215 579 3260 Or.
598 3215 633 3260 lo.
650 3212 687 3258 ubi
703 3218 744 3268 est,
761 3227 844 3274 quaec
863 3211 938 3258 media
956 3210 1078 3258 Academia

197 3278 346 3337 ‚demorante
362 3276 400 3322 sed
415 3273 446 3320 ihi
456 3277 491 3320 est
501 3287 542 3332 pro
558 3271 625 3328 narei,
636 3277 660 3318 et
679 3273 827 3318 efflorescere:
850 3272 910 3332 quod
929 3271 981 3317 hnic
1000 3273 1079 3316 nostro

206 3338 257 3383 loco
266 3351 310 3382 uon
320 3333 432 3391 convenit,
443 3331 483 3380 ubi
493 3337 534 3389 ert,
550 3333 610 3392 quod
627 3331 683 3377 elias
693 3331 747 3377 dicit
762 3331 833 3387 repit:
855 3345 900 3392 quo
916 3345 980 3377 sensu
989 3328 1077 3388 florere

205 3409 251 3442 non
261 3395 352 3442 dicitur.

235 3472 359 3530 ‘tffirttn
368 3471 468 3532 emerat]
484 3470 514 3518 ad
529 3485 606 3532 agrum
618 3469 661 3518 sihi
672 3467 829 3522 vindicandum
846 3469 884 3516 vel
899 3466 1077 3531 comparandum.

205 3531 322 3588 acestae
338 3534 388 3590 att.
408 3531 463 3590 xv,
478 3533 514 3586 29.
1018 3535 1028 3556 a
