2552 4208
477 337 483 348 .
515 291 617 344 ursan
635 290 786 344 rrarros.
1016 297 1076 362 m

204 441 417 519 aegritudinem
439 443 674 502 nominaverunt.
696 445 753 502 boo
767 441 974 517 propemodum
986 445 1079 504 verbo

205 545 316 604 tiraeoi
329 561 447 601 omnem
470 541 561 601 animi
583 543 830 617 perturbationem
851 544 1011 616 appeliant.
1026 559 1078 602 va·

204 649 275 702 oant
288 643 369 701 euim
392 645 488 710 reios,
500 643 531 700 id
550 648 605 712 est,
618 644 757 726 morbum,
771 643 945 718 quioumque
958 647 1003 699 est
1016 659 1078 700 mo-

204 747 251 801 tus
278 743 430 800 inanimo
456 743 594 800 turbidos.
636 743 700 800 Nos
725 744 846 801 metius:
877 742 980 816 aegris¹
996 741 1078 800 euim

204 841 372 915 corporibus
386 841 534 900 simillima
557 847 603 900 est
625 842 716 900 animi
739 842 898 918 aegritudo.
913 845 944 898 at
965 858 1025 899 nou
1039 841 1079 898 si-

204 941 283 1001 airis
307 942 514 1016 aegrotationis
527 947 571 1000 est
585 942 686 1012 libido,
700 959 760 1000 nou
781 941 971 999 immoderata
994 940 1079 1000 laeti·

205 1041 257 1108 tia,
271 1059 344 1116 quae
369 1047 413 1100 est
427 1045 562 1116 voluptas
583 1042 674 1100 animi
698 1044 776 1099 elata
803 1046 833 1098 et
860 1039 997 1115 gentiana
1012 1039 1080 1114 ipre

204 1140 295 1200 etiam
310 1147 404 1198 metus
419 1150 535 1199 nonest
560 1141 652 1199 morbi
665 1142 821 1199 admodum
845 1140 958 1207 similis,
979 1157 1080 1214 quam-v

204 1257 290 1318 quam
312 1240 487 1315 aegritudini
501 1247 546 1299 eat
563 1241 712 1308 finitimus,
725 1242 778 1298 sod
793 1241 915 1314 proprie,
928 1244 961 1297 ut
978 1257 1079 1315 aegro-

203 1341 278 1400 tatio
291 1340 322 1399 in
334 1357 463 1413 oorpore,
474 1340 517 1396 sio
532 1341 681 1415 aegritudo
693 1341 724 1398 in
739 1341 846 1408 auimo,
866 1357 974 1398 nomeu
988 1341 1078 1400 habet

204 1457 264 1498 uon
292 1441 455 1512 sejuuotum
475 1455 493 1495 a
515 1441 624 1496 dolore.
638 1439 747 1497 doloris
772 1440 862 1514 igitur
885 1441 968 1513 hujus
994 1438 1078 1513 origo

204 1538 290 1596 uobis
304 1537 481 1610 explicanda
494 1543 549 1604 eat,
569 1537 599 1594 id
613 1543 667 1606 est,
680 1546 769 1595 bauan
781 1539 912 1596 effioieus
922 1537 1077 1612 aegritudi-

205 1655 274 1696 uem
298 1637 451 1703 inanimo,
466 1643 614 1711 tamquam
637 1637 869 1710 aegrotationem
888 1635 920 1694 iu
943 1653 1076 1708 corpore«

205 1753 283 1802 nam,
297 1741 328 1794 ut
340 1737 456 1804 medici,
467 1753 556 1793 causa
568 1735 660 1794 morbi
674 1736 806 1803 inventa,
819 1733 999 1793 curationem
1010 1751 1076 1792 esse

203 1836 356 1895 iuventam
372 1842 491 1908 putant:
512 1835 556 1892 sio
571 1853 632 1902 nos,
646 1852 735 1893 eausa
748 1834 938 1910 aegritudiuis
951 1838 1076 1909 repertu,

202 1937 340 1998 medendi
350 1936 518 1993 facultatem
532 1935 717 2007 reperiemus.
736 2008 739 2018 1

242 2037 295 2096 Est
309 2035 398 2110 igitur
410 2053 498 2094 causa
511 2035 607 2092 omnis
621 2034 652 2092 iu
666 2033 815 2109 opinione,
827 2051 883 2092 neo
899 2050 970 2091 vero
982 2031 1074 2108 aegri·
1087 2037 1123 2095 il

203 2136 311 2194 tudinis
325 2138 427 2202 sotum,
451 2136 502 2192 sed
518 2134 607 2192 etiam
622 2135 794 2210 reliquarum
814 2134 945 2192 omnium
965 2140 1075 2207 pertun·

202 2233 367 2293 batiouum:
388 2240 538 2310 quaesunt
552 2253 660 2309 genere
671 2240 812 2308 quattuor,
828 2235 955 2307 partibor
968 2236 1073 2306 priores.

201 2353 270 2394 uam
284 2352 351 2391 oum
371 2335 466 2391 omnir
488 2334 665 2407 perturbatio
678 2333 715 2390 sit
736 2334 826 2390 animi
843 2341 946 2400 motus,
961 2333 1014 2389 vei
1031 2348 1075 2388 ra·

204 2433 293 2490 tionis
308 2451 421 2504 expers,
444 2435 492 2488 vel
516 2431 657 2488 rationem
682 2449 850 2505 aspernans,
869 2429 946 2489 ”vet
967 2429 1074 2488 ratioui

203 2547 262 2588 uon
277 2529 426 2596 obediens,
439 2530 520 2602 isque
530 2535 622 2586 motus
637 2535 686 2586 aut
701 2529 779 2596 boni,
790 2536 838 2586 aut
854 2531 923 2588 maii
934 2529 1078 2603 opinione

202 2627 223 2660 ⁴⁴
233 2630 357 2686 uitetur:
380 2628 510 2684 bituriam
525 2635 658 2702 quattuor
673 2627 901 2701 perturbationes
915 2627 1076 2700 aequaliter

202 2728 371 2786 distributae
396 2733 472 2784 suut.
502 2743 569 2783 uam
591 2727 665 2782 duae
689 2733 755 2782 sunt
776 2745 814 2783 ex
835 2727 973 2800 opinione
987 2725 1075 2783 boui:

203 2845 321 2903 quarum
336 2829 436 2892 attera,
452 2827 585 2897 voluptas
609 2825 747 2898 gestiens,
761 2823 790 2880 id
813 2831 867 2891 est,
888 2829 1002 2896 praeter
1015 2841 1075 2881 mo·

203 2928 270 2984 dum
284 2929 361 2983 elata
374 2925 495 2993 taetitia,
508 2923 648 2998 opinione
664 2925 822 2996 praesentis
837 2923 935 2998 magui
950 2924 1075 2998 alicujus

200 3026 292 3085 boui:
313 3023 434 3082 ⁴⁵attera
449 3025 603 3099 cupiditas,
627 3041 700 3099 quae
722 3029 801 3082 recto
824 3025 872 3082 vei
899 3023 992 3082 iibido
1011 3024 1073 3082 dioi

231 3182 255 3215 ⁴³
269 3183 305 3229 uri
317 3180 403 3228 rationi
410 3196 455 3228 nun
465 3181 574 3242 obediens]
591 3181 681 3226 videtur
689 3193 737 3228 etse
746 3179 904 3243 interpretatio
912 3177 1072 3228 errassemus

202 3256 244 3290 uec
254 3242 312 3288 enim
324 3241 352 3288 ab
362 3255 390 3286 eo
398 3255 463 3288 seusu
473 3243 590 3302 quicquam
599 3241 683 3286 differt.

232 3321 252 3354 ⁴⁴
268 3321 365 3371 bierunt
401 3321 659 3378 Davisiuseconjectura
678 3320 700 3365 in
717 3319 751 3366 ed.
772 3323 794 3368 2.
815 3318 878 3366 dedit
895 3319 1009 3364 excitetur.
1029 3331 1074 3377 ego
1158 3337 1162 3344 ’

202 3381 437 3430 maurmunster.
453 3381 470 3426 si
481 3380 646 3428 tumeuoitetur
661 3394 705 3426 uon
726 3379 828 3440 placeat:
845 3379 910 3440 idque
927 3386 961 3424 ert
978 3378 1072 3424 verbrurr

201 3443 241 3488 Cic
269 3469 272 3474 ι
284 3461 304 3484 ι..·
314 3457 335 3484 ru
348 3441 360 3484 'n
370 3457 387 3484 tc
395 3455 418 3484 r?
427 3441 535 3486 usitatius.

231 3519 258 3594 ⁴⁵.
267 3521 336 3565 altero
346 3519 471 3576 cupiditas·
481 3545 490 3557 ·
500 3517 665 3580 numeram]
690 3517 795 3568 Davisius
804 3517 927 3578 erestigiir
934 3517 995 3567 Mu.
1004 3518 1072 3575 bene,

242 3619 315 3660 rou.
329 3619 381 3660 xv.
635 3602 668 3656 ll
685 3593 705 3632 i
863 3603 864 3608 ’
