2548 4208
218 287 293 354 Μ
466 277 603 330 rusori.
618 278 862 334 avennionem

175 446 216 505 18
228 437 318 510 potet,
332 435 364 490 ut
384 433 488 491 terram
509 435 540 489 et
553 431 645 490 maria
665 431 817 506 deprimat.
859 429 938 506 Quid
962 437 1097 509 ergoent

226 535 305 593 bunc
318 531 459 606 prohibet,
473 536 523 588 aut
544 531 633 590 etiam
652 519 853 591 Xenocratem
865 531 947 590 ilium
962 535 1101 610 gravissi·

225 649 306 691 muns
321 632 564 706 pbilosophorum,
584 638 812 706 exaggerantem
835 637 987 707 tantopere
1009 637 1099 694 uirtu-

185 787 188 793 .
226 737 296 800 tem,
320 737 529 790 extenuantem
548 736 646 789 oetera
667 737 698 789 et
717 731 917 806 abjicientem,
941 733 973 792 in
988 735 1099 796 virtute

224 849 286 891 non
319 834 434 890 beatam
459 836 545 889 modo
574 831 675 899 vitam,
703 833 755 888 sed
779 831 869 890 etiam
897 833 1097 892 beatissimam
1180 855 1184 862 ·

224 929 358 1006 ponere?
386 929 492 1008 ⁵'quod
512 929 628 1006 quidem
650 930 707 988 nisi
728 931 770 998 tit,
796 931 937 990 virtutum
961 933 1097 994 interitus

224 1036 426 1107 consequetur.
467 1033 546 1089 Nam
559 1031 590 1088 in
606 1049 690 1106 quem
704 1032 785 1088 eadit
800 1031 960 1105 aegritudo,
980 1033 1012 1089 in
1028 1051 1097 1091 eun-

223 1131 293 1188 dem
320 1136 429 1188 metum
455 1132 562 1189 eadere
590 1149 712 1188 neeesse
740 1135 794 1189 est.
824 1135 870 1190 est
900 1133 979 1190 enim
1002 1137 1098 1190 metue

222 1229 335 1287 iuturae
349 1230 539 1304 aegritudinis
563 1230 690 1287 sollicita
711 1231 906 1302 exspectatio.
948 1231 984 1290 ln
1007 1247 1095 1306 quem
1154 1239 1159 1262 .

221 1334 322 1386 autem
343 1335 445 1396 metus,
469 1329 500 1386 in
522 1330 646 1386 eundem
667 1329 798 1397 formido,
819 1330 969 1396 timiditas,
991 1347 1098 1402 pavor,

222 1428 351 1504 ignavia.
392 1427 413 1460 ⁸⁰
431 1429 510 1505 Ergo
534 1433 566 1485 ut
589 1428 668 1486 idern
696 1427 832 1486 vincatur
855 1429 1009 1498 interdum,
1035 1443 1098 1487 nee

220 1534 304 1603 putet
315 1529 351 1586 ad
366 1547 397 1586 se
411 1534 597 1604 praeceptum
611 1527 682 1584 iilud
700 1529 785 1585 Atrei
800 1529 958 1602 pertinere,

309 1683 409 1734 Proinde
416 1683 452 1732 ita
459 1688 541 1748 parent
550 1698 574 1734 ae
583 1684 607 1734 in
621 1683 678 1742 vite,
687 1688 714 1732 ut
723 1683 784 1732 rinei
792 1683 900 1734 ommni·

221 1823 280 1884 nie
305 1830 403 1882 autem
424 1817 569 1893 vincetur,
593 1827 625 1882 ut
647 1823 729 1882 dixi:
760 1844 817 1884 neo
839 1825 927 1884 modo
947 1824 1096 1894 vincetur,

219 1925 376 1982 sedetiam
397 1923 517 1980 serviet.
556 1921 577 1956 θ’
593 1925 635 1982 At
649 1943 701 1982 noe
723 1925 861 1984 virtutem
883 1943 998 1999 semper
1021 1925 1092 1983 libe·

217 2041 279 2081 ram
315 2025 457 2091 volumus,
478 2039 591 2096 semper
619 2025 771 2082 invictam.
823 2027 906 2098 Quae
935 2025 990 2082 nisi
1013 2028 1094 2096 sunt,

217 2119 331 2180 aubiata
346 2123 438 2180 virtus
453 2128 507 2179 est.
550 2123 642 2198 Atqui
655 2123 681 2181 ei
696 2123 726 2182 in
742 2123 850 2183 virtute
864 2125 934 2183 eatis
951 2130 995 2182 ost
1009 2143 1092 2198 prae·

216 2201 286 2280 sidii
301 2223 338 2278 ad
362 2223 438 2278 bene
463 2222 634 2290 vivendum,
661 2223 733 2281 satis
754 2230 799 2281 est
821 2225 911 2282 etiam
936 2225 972 2282 ad
993 2227 1092 2281 beate.

216 2321 288 2378 eatis
303 2326 346 2378 eet
361 2321 440 2378 enirn
460 2328 540 2379 uerte
559 2322 590 2380 in
604 2323 721 2392 virtute,
732 2330 764 2381 ut
777 2323 889 2382 fortiter
903 2323 1047 2381 vivamus.
1062 2322 1092 2381 ei

216 2389 336 2490 sortitei,
348 2421 437 2479 etiam
450 2425 481 2479 ut
496 2439 603 2498 magno
615 2423 722 2492 animo,
739 2429 769 2481 et
783 2423 898 2499 quidem
913 2427 946 2480 ut
962 2425 1042 2480 nulla
1056 2439 1090 2480 re

215 2539 350 2596 umquam
366 2527 531 2592 terreamur,
547 2541 717 2598 semperque
731 2523 820 2581 simus
835 2521 951 2580 invicti.
988 2521 1092 2596 Sequi·
1207 2585 1216 2602 ο

215 2625 272 2690 tur,
286 2628 316 2679 ut
331 2621 404 2679 nihii
419 2623 577 2696 poeniteat,
591 2621 664 2680 nihii
686 2623 772 2688 desit,
787 2621 860 2679 nihii
874 2624 978 2678 obstet.
1003 2619 1091 2679 ”En

214 2739 252 2798 go
265 2723 364 2779 omnia
379 2723 562 2795 profluenter,
576 2723 716 2790 absolute,
731 2739 875 2796 prospere.
888 2719 977 2796 igitur
990 2722 1089 2778 beate.

123 2813 125 2818 ⁸
215 2821 294 2879 Satis
314 2825 412 2879 autem
425 2823 460 2878 ad
476 2821 587 2879 fortiter
600 2821 762 2879 vivendum
777 2822 868 2878 virtus
883 2825 995 2894 potest:
1016 2819 1092 2878 satis

213 2939 283 2996 ergo
297 2921 437 2980 etiamad
449 2923 544 2980 beate.
584 2921 705 2980 Etenim
718 2921 898 2995 utqetuititia,
910 2921 965 2978 etsi
979 2922 1088 2994 adepta

210 3078 251 3126 sed
261 3077 295 3124 ita
304 3076 357 3124 boni
366 3076 475 3124 redundat
482 3078 503 3123 ι’
514 3091 556 3122 nee
571 3075 650 3122 melius
665 3081 700 3124 est
716 3074 863 3124 Deuisianum
873 3076 939 3124 aba
955 3075 1028 3124 animi
1037 3043 1088 3126 lan‘·

212 3153 264 3186 cem.
296 3137 389 3197 Optime
399 3137 445 3184 Me.
459 3151 504 3196 reg.
517 3136 586 3182 Paris.
598 3135 706 3184 maurum
715 3135 788 3182 animi
798 3139 890 3193 tannem,
902 3137 961 3197 quod
972 3133 1054 3196 recepi.

242 3217 263 3251 θ
276 3218 362 3324 prqdlq.
373 3217 420 3287 atsi
427 3215 479 3277 fit]
511 3215 549 3262 dio
565 3214 616 3262 edd
635 3218 691 3261 vett.
708 3229 722 3262 e
737 3229 781 3277 quo
800 3220 851 3277 post
869 3217 952 3262 iactum
968 3216 1004 3262 stt
1028 3213 1090 3262 illud

210 3282 325 3324 revocarit
359 3290 447 3324 avrsrus.

240 3355 262 3405 ,ω
278 3355 349 3414 Ergo,
365 3359 392 3402 at
400 3354 460 3400 idem
468 3353 583 3416 vincatur]
604 3353 643 3402 int.
655 3367 738 3402 aecem
748 3359 785 3411 art,
797 3369 811 3402 e
821 3355 978 3417 superioribus.
990 3353 1014 3402 in
1032 3351 1083 3404 Me.

211 3413 285 3462 (ioeli.
303 3416 372 3462 etiam
382 3414 482 3462 additum
492 3418 534 3460 est.

240 3492 262 3524 ⁶¹
276 3494 308 3539 At
321 3495 378 3555 non]
410 3494 457 3541 Me.
470 3492 513 3540 Gu.
530 3492 594 3540 addit
602 3497 683 3540 antem
717 3491 821 3540 Davisius
832 3493 904 3543 edidit
914 3452 1053 3557 liorem»

240 3571 265 3606 ω
279 3571 343 3632 orgo
351 3587 371 3621 o.
380 3573 523 3635 profluam,
532 3575 587 3638 eta]
603 3587 634 3627 te.
644 3588 668 3624 te
678 3571 800 3632 habebunt.
811 3575 873 3623 rent
