2552 4208
495 345 594 398 aranu
607 345 757 396 ranrrua.
992 346 1053 412 1⁵?

184 499 284 567 raudo,
298 497 436 557 minimae
458 493 547 556 etiam
568 496 653 572 parti,
666 497 691 554 ιι
713 492 872 562 condoluit,
885 493 1054 554 medentur:

89 589 109 594 “
183 597 257 657 ’ric
283 597 476 673 philosophia,
489 613 555 655 cum
580 597 746 656 universam
769 594 981 670 aegritudinem
993 611 1054 652 eue-

183 700 261 767 tulit,
274 704 383 766 umen,
393 696 419 753 ei
432 696 494 772 quie
506 714 584 754 error
593 696 711 754 aliunde
721 695 846 762 exetilit,
859 694 885 752 ei
899 697 1053 768 paupertee

182 798 347 864 momordit,
360 796 386 853 ai
405 795 567 871 ignominia
587 797 717 870 pupugit,
730 795 756 853 ei
777 794 846 869 quid
868 795 1053 854 tenebrarum

183 896 295 958 obtudit
309 896 454 964 exsilium,
468 903 518 954 aul
535 913 645 963 eorum,
657 911 732 972 quae
747 894 834 952 modo
846 893 922 958 dixi,
934 892 961 950 ιι
983 891 1054 968 quid

182 998 317 1056 exatitit:
336 1005 367 1055 et
380 998 406 1054 ei
421 997 597 1070 ringulamm
617 1014 710 1053 rerum
726 999 793 1052 auat
804 992 936 1067 propriae
949 1009 1053 1050 coneo·

181 1096 323 1166 inlioncar
337 1099 373 1155 de
387 1099 490 1173 qulbus
500 1097 601 1156 audies
615 1102 647 1154 tu
658 1096 785 1172 quidem,
796 1110 863 1152 cun
879 1093 978 1150 volee:
998 1091 1054 1150 aed

181 1197 219 1254 ad
241 1198 367 1254 eundem
394 1197 504 1255 iontem
528 1199 733 1256 revellendum
760 1202 815 1260 eet,
838 1193 1052 1268 aegritudinem

180 1309 298 1353 omnem
325 1298 425 1370 procul
452 1299 596 1354 abersee
620 1296 763 1370 sapiente,
782 1296 858 1371 quod
883 1294 980 1352 inania
1003 1292 1054 1362 ait,

181 1397 256 1470 quod
271 1396 373 1454 frustm
385 1395 569 1470 euacipialur,
596 1397 672 1470 quod
694 1413 753 1454 non
768 1401 870 1454 uatum
892 1393 1056 1478 exoriatur,

180 1496 233 1551 aed
249 1496 372 1568 judicio,
395 1497 447 1552 eed
460 1495 610 1568 opinione,
622 1496 672 1552 eed
688 1497 811 1570 quadam
824 1494 1001 1552 invitatione
1014 1490 1053 1550 ad

181 1593 347 1651 dolendum.
374 1611 441 1652 cum
465 1595 495 1652 id
512 1595 729 1652 decreverimus
749 1593 792 1650 ita
818 1594 881 1650 fieri
907 1599 1050 1666 oportere.

181 1691 249 1751 Hoc
267 1694 408 1761 detracto,
422 1694 496 1769 quod
513 1699 604 1752 toturn
618 1699 662 1750 eet
682 1694 886 1759 voluntarium,
900 1691 1052 1765 aegritudo

178 1791 234 1849 erit
256 1794 369 1850 sublata
391 1792 442 1851 iila
467 1811 616 1850 moereua:
640 1790 782 1851 ”morsus
805 1797 913 1860 temen,
937 1797 967 1848 et
982 1807 1052 1848 con·

179 1891 391 1950 tractiunculae
424 1896 567 1969 quaedam
601 1893 692 1953 animi
726 1892 932 1968 relinquentur.
972 1892 1050 1949 hanc

177 1991 279 2050 dicant
292 2010 363 2052 eane
379 1997 548 2060 naturalem,
559 1995 627 2052 dum
642 1993 831 2068 aegritudiuis
846 2009 953 2050 nomen
964 1989 1050 2058 abrit,

179 2111 279 2169 grave,
294 2099 426 2162 taetrum,
450 2095 614 2152 iuneatum:
634 2096 793 2169 quodcum
817 2093 961 2167 rapientia
975 2106 1050 2160 eree,
1152 2107 1158 2122 ·

179 2197 276 2269 atque,
297 2198 329 2253 ut
360 2193 402 2251 ita
428 2195 536 2262 dicam,
563 2195 703 2262 habitare,
728 2196 808 2253 nullo
835 2195 922 2251 modo
948 2191 1048 2266 poerit.

180 2291 273 2367 Atqui
296 2293 401 2367 rtirpea
413 2299 481 2351 eunt
501 2293 702 2368 aegritudinie,
723 2311 808 2370 quam
823 2295 941 2361 multae,
962 2305 1049 2366 quam

178 2396 313 2448 amaraet
334 2409 419 2466 quae,
444 2391 508 2466 ipso
522 2399 624 2451 trunco
647 2409 760 2460 everso,
787 2389 919 2450 ”omnes
938 2391 1048 2466 eligen-

177 2490 232 2548 dae
247 2496 323 2558 aunt,
336 2496 376 2554 et,
390 2489 416 2548 ai
430 2507 550 2548 neceeee
565 2492 631 2559 erit,
651 2491 773 2565 ringulia
793 2489 1046 2564 disputationibus.

174 2595 309 2663 aupereet
335 2589 414 2646 enim
443 2590 527 2648 nobie
560 2591 626 2656 hoc,
649 2589 828 2647 cuicuimodi
858 2596 912 2656 eet,
942 2591 1046 2648 otium.

178 2689 238 2747 Sed
253 2688 328 2747 ratio
349 2706 405 2747 una
428 2688 558 2746 omnium
582 2693 627 2746 eet
648 2687 871 2762 aegritudinum,
892 2689 972 2762 piurn
997 2703 1047 2745 no·

176 2789 266 2846 mina.
282 2793 392 2846 namet
407 2787 550 2855 inridere,
570 2786 759 2860 aegritudinis
779 2794 832 2854 eet,
846 2793 876 2844 et
897 2785 1048 2854 aemulari,

175 2893 207 2946 et
235 2891 409 2956 obtrectare,
435 2892 466 2946 et
499 2887 638 2955 misereri,
665 2887 744 2962 engi,
769 2887 878 2960 lugere,
905 2903 1048 2958 moerere,

203 3041 226 3076 ’θ
240 3041 271 3089 eir
280 3041 420 3100 philosophie,
431 3042 486 3104 etc]
507 3039 543 3089 hie
562 3043 624 3089 iocor
634 3055 678 3089 uon
693 3041 784 3090 videtur
800 3041 927 3090 coireererr.
947 3057 998 3091 nam
1015 3064 1045 3096 ee

171 3105 308 3165 plitnnnlta
320 3121 363 3152 uon
375 3105 442 3152 trahet
452 3105 551 3158 verbum,
562 3108 596 3153 cui
609 3105 722 3164 jungatur.
754 3107 854 3164 Corrieei.
866 3109 959 3170 primurn
971 3107 1045 3164 legen-

175 3167 227 3213 durn
236 3165 271 3212 hie
279 3181 326 3212 eree
334 3165 486 3224 pltmrpttne,
497 3166 578 3212 deiude
588 3165 612 3212 in
621 3166 771 3228 consequenti,
779 3169 838 3228 quod
848 3175 881 3214 eet
892 3169 914 3216 iu
923 3168 997 3214 vertile
1006 3168 1048 3216 elee'

174 3225 673 3346 'titttitilt..'tt¹‘.tt.tl·.lltttt.ttt
691 3240 711 3272 ''
728 3241 745 3274 ⁸·
764 3241 787 3285 ²·
807 3228 1001 3276 ⁶⁰*⁰¹“'''⁰''‘'''¹⁰
1020 3233 1046 3276 ‘²

256 3302 260 3331 ι
281 3319 287 3332 .
674 3319 679 3331 .

204 3363 327 3434 Πριονιια
336 3368 357 3410 et
366 3364 579 3436 contractiuncula]
597 3366 657 3470 {pin
667 3364 767 3436 requitur
782 3365 847 3423 dunc,
858 3365 975 3426 legendum
994 3379 1045 3416 ectr·

174 3425 325 3471 lruetrrertrulu
343 3451 345 3456 ·
364 3449 372 3457 ·
387 3425 535 3484 relrnquelur,
546 3429 571 3470 ut
580 3439 602 3468 vr
618 3431 637 3469 ιι
647 3423 767 3482 Benlieque.

203 3501 225 3533 ³⁸
241 3517 311 3548 rennes
321 3503 434 3560 eligendae
443 3507 496 3550 runt
524 3502 539 3548 i.
556 3517 576 3548 e.
589 3502 711 3556 tollendae,
722 3505 861 3552 evellendae.
883 3504 987 3554 Derieiua
996 3521 1045 3554 eor·

174 3559 232 3605 rexit
247 3561 427 3618 elidendoerunt,
441 3576 469 3622 qu
520 3567 555 3606 ert
574 3561 665 3607 uerbum
683 3561 797 3610 Ciceroni·
808 3564 829 3610 in
841 3567 881 3611 hac
901 3580 941 3612 re:
963 3567 1001 3613 red
1020 3571 1044 3613 et

132 3623 137 3627 '
173 3617 255 3676 eligere
265 3620 286 3665 lu
297 3622 338 3666 truc
348 3635 372 3667 re
378 3619 467 3669 dicitur.
474 3620 549 3681 itaque
556 3620 693 3669 Burmanuur
700 3623 730 3670 ed
741 3623 804 3683 virg.
813 3621 842 3674 d.
851 3624 878 3684 tl,
886 3628 929 3676 407
936 3625 1043 3674 detrudit.

214 3715 286 3760 ror..
300 3717 352 3759 xv.
381 3717 394 3736 ·
616 3703 652 3760 ll
