2538 4188
217 347 282 409 396
484 341 528 390 ult
545 339 684 392 nsrltnl
699 340 844 393 DEORUM

216 490 350 564 adJ'urari
377 489 502 548 videtur.
544 492 688 566 Linguam
709 501 806 551 autem
829 493 866 550 ad
891 491 1002 551 radices
1015 493 1086 569 ejus

216 590 339 648 haerens
366 591 478 662 excipit
502 594 686 674 stomachus:
708 610 764 666 quo
785 596 908 665 primum
931 595 1088 651 illabuntur
1127 591 1131 598 '
1154 613 1156 618 ⁴

216 707 262 756 ea,
275 709 349 765 quae
363 697 485 765 accepta
499 699 584 749 sunt:
605 693 663 748 oris
673 699 791 764 utraque
805 709 843 748 ex
859 698 940 764 parte
955 695 1087 749 tonsillas

217 791 374 863 attingens,
396 793 494 864 palato
516 799 649 848 extremo
670 797 756 864 atque
780 790 884 848 intimo
907 792 1087 850 terminatur.

218 889 317 962 Atque
332 889 366 956 is,
381 890 540 962 agitatione
561 895 590 946 et
611 891 735 946 molibus
757 889 873 963 linguae
896 907 963 947 cum
988 893 1087 964 depul-

217 1004 280 1045 sum
308 994 337 1044 et
359 989 441 1064 quasi
467 989 614 1046 detrusum
638 989 735 1046 cibum
763 990 888 1060 accepit,
914 987 935 1019 ⁴⁶
954 989 1086 1062 depellit.
1145 987 1147 994 ’

217 1087 312 1160 Ipsius
333 1093 429 1144 autem
453 1095 548 1161 partes
568 1105 630 1150 eae.
654 1105 727 1161 quae
752 1093 818 1144 sunt
841 1086 915 1144 inira
944 1087 984 1154 id,
1008 1087 1085 1162 quod

215 1185 380 1248 devoratur,
401 1185 574 1242 dilatantur:
595 1203 668 1260 quae
685 1195 782 1243 aulem
803 1203 897 1262 supra,
912 1188 1085 1244 contrahun-

216 1287 269 1342 lur.
311 1285 371 1340 Sed
392 1301 459 1340 cum
480 1302 582 1358 aspera
603 1286 718 1352 arteria,
738 1283 795 1360 (sic
820 1285 899 1342 euim
921 1302 938 1341 a
962 1283 1084 1344 medicis

215 1381 390 1458 appellatur)
403 1383 508 1438 ostium
525 1384 640 1448 haheat,
655 1384 824 1458 adjunctum
845 1385 959 1458 linguae
981 1381 1083 1440 radici·

215 1482 277 1549 bus,
292 1481 389 1554 paullo
401 1498 495 1553 supra,
509 1500 593 1555 quam
608 1485 644 1541 ad
659 1483 788 1558 linguam
799 1484 963 1541 stomachus
977 1499 1086 1540 annec-

215 1579 294 1647 titur,
307 1581 449 1655 eaque-ad
464 1583 615 1652 pulmones
628 1601 718 1657 usque
731 1584 885 1656 pertineat,
899 1582 1085 1657 excipiatque

214 1679 343 1738 animam
365 1697 440 1746 eam,
463 1697 538 1754 quae
562 1684 650 1738 ducta
669 1682 708 1738 sit
731 1682 843 1754 spiritu,
867 1683 1085 1756 eundemquea

215 1777 398 1852 pulmonibus
419 1779 550 1852 respiret,
564 1762 724 1837 el'reddal:
747 1781 853 1855 tegitur
867 1783 990 1854 quodam
1004 1777 1084 1854 quasi

215 1880 368 1950 operculo:
390 1879 465 1954 quod
479 1880 518 1935 ob
538 1896 603 1936 eam
617 1897 735 1937 causam
749 1882 848 1937 datum
862 1887 916 1947 est,
931 1899 978 1946 ne,
991 1876 1084 1953 siquid
1137 1875 1141 1882 “

195 1975 246 2054 in
273 1993 339 2032 eam
365 1976 426 2033 cibi
459 1978 532 2035 lorte
557 1978 717 2046 incidissel,
744 1979 861 2050 spiritus
886 1979 1083 2050 impediretur.

215 2074 275 2132 Sed
303 2090 370 2132 cum
398 2076 461 2133 alvi
486 2081 595 2141 natura,
622 2077 753 2146 subjecta
779 2075 939 2138 stomacho,
966 2074 1027 2130 cibi
1055 2079 1088 2132 et

213 2174 340 2249 potionis
360 2176 399 2234 sil
418 2175 648 2248 receptaculum:
679 2175 829 2246 pulmones
854 2178 961 2238 autem,
982 2178 1013 2230 el
1034 2191 1087 2231 cor

213 2275 395 2332 extrinsecus
420 2273 550 2344 spiritum
574 2273 737 2329 adducant:
757 2271 788 2328 in
813 2253 886 2329 alvo
905 2275 997 2329 mulla
1017 2276 1085 2330 sunt

215 2373 385 2432 mirabiliter
397 2372 510 2442 ell'ecla,
522 2369 544 2404 ⁴⁷
555 2389 628 2446 quae
642 2377 757 2430 constat
771 2372 830 2430 lere
846 2391 863 2428 e
877 2371 987 2428 nervis.
1028 2371 1082 2428 Est

214 2477 311 2530 autem
332 2472 487 2546 multiplex
511 2477 541 2529 el
558 2478 704 2538 tortuosa,
727 2477 864 2546 arcetque
887 2477 918 2528 et
940 2469 1083 2537 continet,

214 2573 278 2630 sive
293 2572 364 2629 illud
378 2572 489 2628 aridum
504 2576 557 2638 est,
571 2572 637 2626 sive
658 2569 817 2636 humidum,
840 2568 861 2602 ⁴⁸
871 2571 945 2644 quod
971 2569 1085 2643 recipit,

213 2679 244 2730 ul
260 2673 288 2728 id
304 2669 408 2728 mutari
422 2675 451 2725 et
466 2669 611 2742 concoqui
625 2663 731 2741 possit3
751 2675 917 2744 eaquetum
932 2666 1085 2742 adstringi·

214 2777 268 2840 tur,
283 2776 343 2828 tum
363 2770 517 2836 relaxatur,
542 2773 629 2842 alque
649 2785 746 2836 omne,
769 2769 845 2843 quod
865 2767 984 2841 accipit,
1004 2765 1084 2841 cogit

213 2875 245 2928 el
267 2867 438 2928 conlunditr
465 2874 497 2926 ut
523 2866 610 2926 lacile
635 2873 665 2926 et
685 2865 825 2936 ⁴⁹calore,
853 2883 937 2942 quem
962 2868 1084 2924 mullum

245 3025 267 3058 ⁴⁶
282 3023 379 3084 depellit]
396 3037 425 3070 rc.
444 3023 467 3070 in
483 3023 629 3070 ventriculum
646 3038 663 3068 s.
685 3023 768 3076 alvum.
779 3023 797 3070 si
807 3028 883 3070 tamen
893 3037 946 3070 vera
955 3025 989 3068 est
999 3019 1083 3067 lectio:

215 3085 274 3146 quod
285 3085 376 3130 dubium
395 3083 490 3133 videtur,
506 3097 556 3128 cum
571 3082 691 3142 praecedat
709 3082 833 3138 depulsum.
866 3082 971 3130 Davisius
989 3080 1085 3140 conjecit

215 3145 316 3201 deglutit.
328 3144 366 3189 sed
377 3143 494 3198 depulsum
503 3141 559 3188 illud
567 3139 664 3201 pertinet
673 3140 702 3185 ad
718 3145 793 3200 partes
802 3141 927 3188 deferentes
935 3139 1008 3186 cibum
1025 3153 1086 3186 com-

214 3203 324 3250 minutum
334 3202 363 3248 ad
375 3201 519 3247 stomachum.

245 3280 269 3314 ⁴⁷
283 3295 338 3340 qnae
348 3284 430 3326 consuit
436 3279 490 3336 sere
501 3274 604 3338 eneruis]
623 3292 637 3322 e
646 3277 695 3324 Ma.
706 3277 784 3324 Ursini
793 3277 898 3324 Davisius
907 3278 993 3340 recepit
1002 3281 1085 3324 corulnl

215 3343 241 3385 nt
251 3341 280 3386 ad
290 3341 365 3385 alvum
376 3339 491 3385 referatur.
503 3337 564 3383 bene.
575 3351 626 3382 narn
635 3335 772 3383 mirabiliter
782 3337 856 3395 qffrcla
866 3351 911 3384 nou
919 3338 948 3384 ad
965 3337 1085 3386 materiam

216 3398 261 3444 alvi
271 3397 392 3458 pertinent,
403 3397 441 3444 sed
451 3398 480 3443 ad
490 3397 564 3444 alvum
575 3396 652 3457 ipsam.

245 3475 267 3507 ⁴⁸
281 3476 340 3533 prod
355 3476 443 3536 recipit]
459 3476 537 3522 melius
555 3476 659 3522 videatur
676 3473 772 3532 recepit.-
797 3475 836 3523 sed
855 3479 879 3523 et
896 3489 955 3534 mox,
975 3476 998 3522 in
1015 3473 1084 3522 simili

121 3577 126 3588 ,
214 3536 327 3578 strictura
336 3537 370 3578 est
379 3535 464 3591 accipit.

243 3605 266 3640 ⁴⁹
281 3609 359 3666 eahae,
369 3623 434 3668 quem
448 3615 546 3662 mullum
562 3614 633 3676 hebel,
646 3614 762 3666 eelermdc
778 3614 854 3663 cilccl
866 3579 901 3676 p]
932 3613 1009 3672 volgo
1022 3611 1083 3660 male
