3354 4234
673 315 772 368 ΗΜ
787 315 919 368 rutulus.
1003 325 1006 336 ·
1190 325 1237 386 51*

364 465 454 542 sugit,
468 467 518 524 vel
542 464 638 540 potius
662 466 822 534 excmcisl,
851 464 1025 524 “emensus
1038 465 1076 524 sb
1098 465 1233 524 omnibus

364 565 411 636 iis,
424 585 497 641 quoe
517 571 584 623 sunt
604 567 681 624 bons
704 565 736 624 iu
758 564 828 623 vitu.
869 565 959 630 Vide,
974 581 1049 622 nes
1075 565 1159 626 malis
1172 563 1233 622 dici

364 666 462 726 verius
474 665 574 738 possit.
584 663 653 738 quid
667 681 722 738 ego
735 680 813 722 nuuc
828 666 943 738 lugeam
957 664 1049 722 vitum
1060 659 1233 722 homiuum?

363 781 434 822 vere
449 768 480 822 et
496 765 563 837 jure
587 780 711 836 possum.
732 764 784 820 sed
805 762 873 838 quid
894 781 1015 826 necesse
1036 768 1090 828 est,
1115 781 1182 820 curn
1202 761 1233 820 id

363 879 459 942 egum,
485 881 523 921 ne
547 867 612 936 post
638 867 759 920 mortem
783 862 903 919 misems
925 879 978 919 nos
1002 867 1134 934 putemus
1161 864 1233 926 tore.

361 961 452 1022 etium
466 961 555 1019 vitam
570 962 684 1020 efficere
698 961 878 1034 deplorando
892 957 1092 1018 miseriorem?
1111 959 1234 1017 fecimus

363 1061 421 1118 hoc
435 1061 465 1118 iu
477 1051 516 1117 eo
530 1063 611 1128 libro,
625 1061 656 1118 in
670 1077 727 1134 quo
740 1058 761 1090 ⁴⁹
773 1059 978 1130 nosmetipsos,
991 1063 1128 1133 quantum
1144 1056 1235 1130 potui·

364 1176 437 1226 mus,
447 1159 590 1216 consolati
601 1176 707 1217 sumus.
719 1158 829 1216 amalis
845 1157 933 1232 igitur
942 1175 1018 1214 mors
1032 1156 1159 1224 abducit,
1173 1173 1233 1214 non

363 1255 602 1324 unanimorum
626 1257 652 1314 si
670 1257 841 1331 quaerimus.
884 1256 950 1314 lloc
972 1255 1119 1331 quideme
1140 1255 1231 1329 Cyre·

359 1358 446 1416 unico
471 1359 600 1433 Hegesia
624 1357 667 1416 sic
687 1358 805 1431 copiose
824 1356 995 1430 disputetur,
1015 1363 1046 1414 ut
1071 1356 1096 1414 is
1116 1372 1135 1413 n
1163 1373 1232 1430 rege

364 1456 535 1513 Ptolemaeo
562 1456 721 1528 prohibitus
748 1473 812 1512 esse
840 1455 953 1513 dicatur
980 1456 1032 1512 ills
1058 1445 1233 1511 iu'sclrolis

364 1553 473 1612 dicere.
492 1553 599 1627 “quod
624 1554 717 1620 multi,
744 1553 789 1610 his
814 1555 928 1622 auditis,
950 1559 1075 1610 mortem
1102 1553 1235 1626 sibiipsi

365 1651 595 1710 consciscerent.
650 1649 826 1708 Callimachi
858 1651 973 1724 quidem
1000 1639 1177 1723 epigramma
1194 1630 1236 1708 'iu

364 1751 584 1810 Ambraciotam
600 1750 816 1807 Cleombrotum
828 1754 890 1805 est:
913 1765 998 1824 quem
1013 1748 1064 1817 sit,
1077 1765 1143 1806 cum
1159 1748 1239 1805 nihil·

365 1849 395 1907 ei
409 1849 565 1906 occidisset
586 1847 744 1914 adversis
768 1865 849 1906 muro
870 1865 902 1904 se
924 1847 954 1906 in
981 1865 1060 1906 mare
1082 1841 1234 1920 abjecisse,

363 1951 444 2007 lecto
458 1947 588 2007 Plutonis
602 1947 685 2004 libro.
698 1947 759 2020 ejus
779 1951 886 2013 sulem,
900 1963 985 2021 quem
999 1945 1075 2014 dixi,
1087 1947 1235 2020 Hegesiae
1268 1999 1270 2004 .

364 2048 439 2105 liber
452 2053 506 2114 est,
519 2049 699 2123 aminon,
710 2047 785 2120 quod
800 2063 818 2102 u
832 2046 895 2103 vita
908 2045 1026 2121 quidum
1041 2063 1092 2118 per
1105 2045 1235 2104 inedium

365 2145 528 2212 discedens,
543 2151 697 2202 revocatur
718 2145 756 2201 ob
779 2144 898 2204 amicis:
919 2143 1023 2219 quibus
1046 2146 1233 2218 respondens,

364 2243 445 2301 vitae
469 2245 612 2301 humanus
634 2249 784 2300 enumerat
806 2243 1007 2300 incommoda:
1036 2241 1055 2274 ⁶¹
1068 2261 1182 2316 possem
1203 2244 1235 2300 id

363 2343 470 2409 lacere,
492 2342 549 2400 etsi
569 2343 672 2408 minus,
699 2359 785 2416 quam
821 2341 881 2409 ille,
905 2342 955 2416 qui
981 2342 1102 2398 omnino
1131 2342 1234 2400 vivere

364 2441 504 2514 expedire
519 2440 630 2496 nemini
644 2445 734 2512 putat.
776 2439 865 2497 Mitto
880 2441 961 2496 alios.
975 2439 996 2471 ⁵²
1006 2440 1134 2498 etiamne
1150 2441 1234 2498 nobis

363 2538 494 2610 expedit,
507 2537 555 2610 qui
569 2543 599 2593 et
617 2537 785 2594 domesticis
799 2543 829 2594 et
843 2539 1003 2594 forensibus
1024 2539 1136 2595 solatiis
1149 2557 1236 2598 orne·

363 2635 525 2710 mentisque
539 2635 654 2708 privati,
674 2641 764 2704 certe,
784 2637 810 2694 si
835 2642 904 2694 onte
924 2637 1142 2706 occidissemus,
1156 2657 1233 2696 mors

390 2787 412 2821 ⁴⁸
425 2787 531 2834 disemum
544 2787 572 2832 ab
581 2786 689 2842 multu.
700 2787 753 2848 etc]
785 2785 890 2834 Danielus
904 2789 927 2834 in
937 2789 973 2834 ed.
989 2793 1012 2836 2.
1022 2789 1095 2837 edidit
1104 2791 1234 2840 diceneum

363 2847 425 2892 lours
433 2847 476 2900 llis,
487 2853 530 2892 etc.
541 2847 607 2907 qnod,
618 2853 710 2906 propter
727 2847 895 2902 correctionem,
910 2847 960 2893 uide
977 2861 1006 2893 ne
1015 2863 1029 2893 u
1038 2849 1111 2902 omlis.
1128 2855 1171 2897 etc.
1182 2865 1233 2915 pru-

362 2904 438 2952 lsubile
449 2905 515 2950 valde
524 2913 565 2950 est.
590 2904 639 2950 Nec
650 2904 721 2950 minus
732 2903 805 2963 placet
824 2905 914 2950 Bulrerii
930 2905 1014 2965 opinio,
1032 2907 1074 2952 hcc
1090 2908 1153 2954 tllurl
1169 2909 1235 2968 ussgil

360 2989 371 3000 ·
385 2989 396 3000 -
409 2964 436 3009 iu
450 2964 502 3018 nitu,
513 2963 628 3010 Ciceronis
638 2962 748 3023 discipulo
755 2963 868 3010 tribuens:
887 2964 951 3020 Vide,
962 2972 1006 3010 etc.
1022 2965 1136 3012 Ciceroni.

389 3041 412 3076 ⁴⁰
425 3042 580 3112 medelinum]
612 3041 716 3088 Davisius
725 3041 856 3112 mundium
865 3047 934 3098 recte,
943 3041 1032 3112 opinor,
1047 3043 1089 3090 nisi
1099 3044 1181 3092 Cicero
1191 3046 1229 3093 lric

362 3107 500 3162 scoppouurt
516 3101 573 3154 slus,
592 3113 710 3160 sensusque
724 3107 760 3154 ut,
771 3115 793 3146 rn
810 3115 855 3163 quo
871 3117 915 3148 non
933 3101 996 3156 ulios,
1011 3107 1036 3149 ut
1053 3103 1105 3150 eliis
1123 3103 1185 3161 locis,
1208 3106 1233 3152 in

360 3160 534 3222 epistolium.
567 3159 696 3219 Sulpicium,
714 3160 753 3206 sed
772 3160 925 3222 memetipsum
943 3162 1070 3210 consolatus
1089 3178 1144 3210 sum.
1162 3170 1232 3225 atquc

272 3223 275 3228 '
315 3211 318 3216 ¹
362 3219 421 3266 huuc
431 3219 461 3264 ob
470 3233 558 3265 csussm
568 3218 600 3264 nil
612 3217 705 3264 mutavi.

360 3297 856 3404 ndniil‘e'iiiinffl‘viii'n‘iil‘i

389 3435 409 3469 ⁵¹
422 3449 503 3492 possem
512 3434 637 3494 iussam]
669 3434 782 3482 Anium

389 3513 411 3545 ⁵²
426 3517 520 3560 etiamne
529 3513 592 3560 notis
601 3512 697 3574 avadit]
714 3514 757 3560 hoc
775 3528 861 3562 numm
872 3515 1156 3566 commodumuoulrsbet.
1186 3519 1231 3566 la·

857 3298 1127 3407 leunisium
1144 3301 1183 3350 '⁸⁶
1199 3300 1232 3350 ¹³⁶

361 3570 456 3631 gendum
465 3577 520 3634 puto
530 3571 596 3618 etium
604 3571 666 3619 nolis
674 3572 801 3632 midissel.
