<?xml version="1.0" encoding="UTF-8"?>
<!DOCTYPE html PUBLIC "-//W3C//DTD XHTML 1.0 Transitional//EN"
    "http://www.w3.org/TR/xhtml1/DTD/xhtml1-transitional.dtd">
<html xmlns="http://www.w3.org/1999/xhtml" xml:lang="en" lang="en">
 <head>
  <title>
</title>
<meta http-equiv="Content-Type" content="text/html;charset=utf-8" />
  <meta name='ocr-system' content='tesseract 3.04.00' />
  <meta name='ocr-capabilities' content='ocr_page ocr_carea ocr_par ocr_line ocrx_word'/>
</head>
<body>
  <div class='ocr_page' id='page_1' title='image "./mtvlliiciceroni11cicegoog/mtvlliiciceroni11cicegoog_0249.png"; bbox 0 0 2548 4208; ppageno 0'>
   <div class='ocr_carea' id='block_1_1' title="bbox 236 271 874 349">
    <p class='ocr_par' dir='ltr' id='par_1_1' title="bbox 236 271 874 349">
     <span class='ocr_line' id='line_1_1' title="bbox 236 271 874 349; baseline 0.009 -23"><span class='ocrx_word' id='word_1_1' title='bbox 236 283 304 349; x_wconf 65' lang='lat'>233</span> <span class='ocrx_word' id='word_1_2' title='bbox 474 271 609 328; x_wconf 60' lang='lat' dir='ltr'><strong>&#39;mmmm</strong></span> <span class='ocrx_word' id='word_1_3' title='bbox 629 275 874 332; x_wconf 66' lang='lat' dir='ltr'>comiodum</span> 
     </span>
    </p>
   </div>
   <div class='ocr_carea' id='block_1_2' title="bbox 181 406 1179 2786">
    <p class='ocr_par' dir='ltr' id='par_1_2' title="bbox 234 406 1179 1974">
     <span class='ocr_line' id='line_1_2' title="bbox 239 406 1119 505; baseline 0.003 -17"><span class='ocrx_word' id='word_1_4' title='bbox 239 406 434 488; x_wconf 81' lang='lat' dir='ltr'>destinatum:</span> <span class='ocrx_word' id='word_1_5' title='bbox 459 425 580 488; x_wconf 71' lang='lat' dir='ltr'>Utinm</span> <span class='ocrx_word' id='word_1_6' title='bbox 601 444 662 505; x_wconf 84' lang='lat' dir='ltr'>ego,</span> <span class='ocrx_word' id='word_1_7' title='bbox 682 428 785 505; x_wconf 86' lang='lat' dir='ltr'>inquit,</span> <span class='ocrx_word' id='word_1_8' title='bbox 804 425 1119 499; x_wconf 65' lang='lat' dir='ltr'>commotam</span> 
     </span>
     <span class='ocr_line' id='line_1_3' title="bbox 238 525 1116 601; baseline 0.007 -15"><span class='ocrx_word' id='word_1_9' title='bbox 238 525 433 586; x_wconf 68' lang='lat' dir='ltr'>adscriberent</span> <span class='ocrx_word' id='word_1_10' title='bbox 472 530 569 601; x_wconf 76' lang='lat' dir='ltr'>Quom</span> <span class='ocrx_word' id='word_1_11' title='bbox 590 527 659 587; x_wconf 93' lang='lat' dir='ltr'>buic</span> <span class='ocrx_word' id='word_1_12' title='bbox 679 535 742 586; x_wconf 88' lang='lat' dir='ltr'>erat</span> <span class='ocrx_word' id='word_1_13' title='bbox 763 528 908 596; x_wconf 83' lang='lat' dir='ltr'>miserum,</span> <span class='ocrx_word' id='word_1_14' title='bbox 922 547 1024 588; x_wconf 84' lang='lat' dir='ltr'>carere</span> <span class='ocrx_word' id='word_1_15' title='bbox 1044 549 1116 592; x_wconf 90' lang='lat' dir='ltr'>con·</span> 
     </span>
     <span class='ocr_line' id='line_1_4' title="bbox 238 626 1179 697; baseline 0.009 -13"><span class='ocrx_word' id='word_1_16' title='bbox 238 626 393 684; x_wconf 79' lang='lat' dir='ltr'>suetudine</span> <span class='ocrx_word' id='word_1_17' title='bbox 406 627 575 697; x_wconf 88' lang='lat' dir='ltr'>amicorum,</span> <span class='ocrx_word' id='word_1_18' title='bbox 593 627 735 686; x_wconf 86' lang='lat' dir='ltr'>societate</span> <span class='ocrx_word' id='word_1_19' title='bbox 750 627 857 695; x_wconf 86' lang='lat' dir='ltr'>victus,</span> <span class='ocrx_word' id='word_1_20' title='bbox 873 647 1006 688; x_wconf 90' lang='lat' dir='ltr'>sermone</span> <span class='ocrx_word' id='word_1_21' title='bbox 1020 631 1117 690; x_wconf 88' lang='lat' dir='ltr'>omni·</span> <span class='ocrx_word' id='word_1_22' title='bbox 1177 687 1179 692; x_wconf 83' lang='lat'><em>.</em></span> 
     </span>
     <span class='ocr_line' id='line_1_5' title="bbox 238 724 1115 803; baseline 0.002 -17"><span class='ocrx_word' id='word_1_23' title='bbox 238 741 279 786; x_wconf 89' lang='lat' dir='ltr'>no</span> <span class='ocrx_word' id='word_1_24' title='bbox 292 725 446 784; x_wconf 79' lang='lat' dir='ltr'>familiari!</span> <span class='ocrx_word' id='word_1_25' title='bbox 468 727 579 785; x_wconf 89' lang='lat' dir='ltr'>bomini</span> <span class='ocrx_word' id='word_1_26' title='bbox 601 725 772 800; x_wconf 84' lang='lat' dir='ltr'>praesertim</span> <span class='ocrx_word' id='word_1_27' title='bbox 790 724 942 786; x_wconf 75' lang='lat' dir='ltr'>⁸&#39;doctou</span> <span class='ocrx_word' id='word_1_28' title='bbox 963 747 1061 803; x_wconf 85' lang='lat' dir='ltr'>puero,</span> <span class='ocrx_word' id='word_1_29' title='bbox 1082 732 1115 788; x_wconf 85' lang='lat' dir='ltr'>et</span> 
     </span>
     <span class='ocr_line' id='line_1_6' title="bbox 236 823 1114 902; baseline 0.002 -18"><span class='ocrx_word' id='word_1_30' title='bbox 236 823 347 884; x_wconf 77' lang='lat' dir='ltr'>artibus</span> <span class='ocrx_word' id='word_1_31' title='bbox 361 824 496 900; x_wconf 76' lang='lat' dir='ltr'>ingenuis</span> <span class='ocrx_word' id='word_1_32' title='bbox 520 825 652 884; x_wconf 74' lang='lat' dir='ltr'>erardilot</span> <span class='ocrx_word' id='word_1_33' title='bbox 671 823 691 856; x_wconf 82' lang='lat'>⁸¹</span> <span class='ocrx_word' id='word_1_34' title='bbox 707 823 889 884; x_wconf 73' lang='lat' dir='ltr'><strong>Musicarum</strong></span> <span class='ocrx_word' id='word_1_35' title='bbox 912 843 984 884; x_wconf 86' lang='lat' dir='ltr'>vero</span> <span class='ocrx_word' id='word_1_36' title='bbox 1003 833 1114 902; x_wconf 83' lang='lat' dir='ltr'>perstu-</span> 
     </span>
     <span class='ocr_line' id='line_1_7' title="bbox 237 921 1113 1001; baseline 0.003 -19"><span class='ocrx_word' id='word_1_37' title='bbox 237 922 352 982; x_wconf 89' lang='lat' dir='ltr'>diosum</span> <span class='ocrx_word' id='word_1_38' title='bbox 379 925 557 998; x_wconf 87' lang='lat' dir='ltr'>accepimus,</span> <span class='ocrx_word' id='word_1_39' title='bbox 580 921 699 998; x_wconf 77' lang='lat' dir='ltr'>politam</span> <span class='ocrx_word' id='word_1_40' title='bbox 730 923 820 981; x_wconf 85' lang='lat' dir='ltr'>etiarn</span> <span class='ocrx_word' id='word_1_41' title='bbox 848 925 1005 999; x_wconf 81' lang='lat' dir='ltr'>tragicum:</span> <span class='ocrx_word' id='word_1_42' title='bbox 1026 942 1113 1001; x_wconf 82' lang='lat' dir='ltr'>quom</span> 
     </span>
     <span class='ocr_line' id='line_1_8' title="bbox 236 1021 1113 1098; baseline 0.002 -16"><span class='ocrx_word' id='word_1_43' title='bbox 236 1021 346 1082; x_wconf 86' lang='lat' dir='ltr'>bonnm</span> <span class='ocrx_word' id='word_1_44' title='bbox 360 1021 433 1080; x_wconf 89' lang='lat' dir='ltr'>nibil</span> <span class='ocrx_word' id='word_1_45' title='bbox 448 1024 485 1080; x_wconf 82' lang='lat' dir='ltr'>ad</span> <span class='ocrx_word' id='word_1_46' title='bbox 499 1040 569 1080; x_wconf 81' lang='lat' dir='ltr'>rem</span> <span class='ocrx_word' id='word_1_47' title='bbox 584 1023 616 1080; x_wconf 92' lang='lat' dir='ltr'>in</span> <span class='ocrx_word' id='word_1_48' title='bbox 629 1024 686 1080; x_wconf 89' lang='lat' dir='ltr'>boc</span> <span class='ocrx_word' id='word_1_49' title='bbox 700 1021 781 1080; x_wconf 90' lang='lat' dir='ltr'>enim</span> <span class='ocrx_word' id='word_1_50' title='bbox 801 1039 909 1096; x_wconf 83' lang='lat' dir='ltr'>genere</span> <span class='ocrx_word' id='word_1_51' title='bbox 933 1025 1035 1084; x_wconf 86' lang='lat' dir='ltr'>nescio</span> <span class='ocrx_word' id='word_1_52' title='bbox 1054 1041 1113 1098; x_wconf 90' lang='lat' dir='ltr'>quo</span> 
     </span>
     <span class='ocr_line' id='line_1_9' title="bbox 237 1107 1113 1198; baseline 0.005 -18"><span class='ocrx_word' id='word_1_53' title='bbox 237 1127 326 1198; x_wconf 80' lang='lat' dir='ltr'>pacto</span> <span class='ocrx_word' id='word_1_54' title='bbox 339 1121 442 1196; x_wconf 69' lang='lat' dir='ltr'>magis,</span> <span class='ocrx_word' id='word_1_55' title='bbox 455 1137 542 1196; x_wconf 83' lang='lat' dir='ltr'>qnam</span> <span class='ocrx_word' id='word_1_56' title='bbox 555 1122 587 1178; x_wconf 93' lang='lat' dir='ltr'>in</span> <span class='ocrx_word' id='word_1_57' title='bbox 601 1107 676 1188; x_wconf 87' lang='lat' dir='ltr'>aliis,</span> <span class='ocrx_word' id='word_1_58' title='bbox 690 1137 773 1179; x_wconf 86' lang='lat' dir='ltr'>suum</span> <span class='ocrx_word' id='word_1_59' title='bbox 787 1121 893 1195; x_wconf 87' lang='lat' dir='ltr'>cuique</span> <span class='ocrx_word' id='word_1_60' title='bbox 914 1124 1043 1196; x_wconf 87' lang='lat' dir='ltr'>pulcrum</span> <span class='ocrx_word' id='word_1_61' title='bbox 1058 1129 1113 1184; x_wconf 84' lang='lat' dir='ltr'>eat.</span> 
     </span>
     <span class='ocr_line' id='line_1_10' title="bbox 237 1217 1113 1297; baseline 0.002 -18"><span class='ocrx_word' id='word_1_62' title='bbox 237 1221 333 1280; x_wconf 85' lang='lat' dir='ltr'>adbuc</span> <span class='ocrx_word' id='word_1_63' title='bbox 354 1219 503 1278; x_wconf 88' lang='lat' dir='ltr'>neminem</span> <span class='ocrx_word' id='word_1_64' title='bbox 517 1220 645 1295; x_wconf 79' lang='lat' dir='ltr'><strong>cognovi</strong></span> <span class='ocrx_word' id='word_1_65' title='bbox 658 1219 778 1294; x_wconf 77' lang='lat' dir='ltr'>politam</span> <span class='ocrx_word' id='word_1_66' title='bbox 798 1217 871 1297; x_wconf 84' lang='lat' dir='ltr'>(⁸&#39;et</span> <span class='ocrx_word' id='word_1_67' title='bbox 884 1221 956 1278; x_wconf 91' lang='lat' dir='ltr'>mibi</span> <span class='ocrx_word' id='word_1_68' title='bbox 976 1222 1030 1280; x_wconf 86' lang='lat' dir='ltr'>luit</span> <span class='ocrx_word' id='word_1_69' title='bbox 1043 1239 1113 1282; x_wconf 91' lang='lat' dir='ltr'>cum</span> 
     </span>
     <span class='ocr_line' id='line_1_11' title="bbox 237 1317 1113 1396; baseline 0.005 -18"><span class='ocrx_word' id='word_1_70' title='bbox 237 1319 370 1393; x_wconf 82' lang='lat' dir='ltr'>Aquinio</span> <span class='ocrx_word' id='word_1_71' title='bbox 395 1317 539 1396; x_wconf 89' lang='lat' dir='ltr'>amicilia)</span> <span class='ocrx_word' id='word_1_72' title='bbox 558 1318 608 1393; x_wconf 90' lang='lat' dir='ltr'>qni</span> <span class='ocrx_word' id='word_1_73' title='bbox 627 1317 684 1376; x_wconf 90' lang='lat' dir='ltr'>sibi</span> <span class='ocrx_word' id='word_1_74' title='bbox 710 1335 771 1376; x_wconf 89' lang='lat' dir='ltr'>non</span> <span class='ocrx_word' id='word_1_75' title='bbox 798 1319 924 1392; x_wconf 79' lang='lat' dir='ltr'>optimus</span> <span class='ocrx_word' id='word_1_76' title='bbox 952 1321 1113 1382; x_wconf 82' lang='lat' dir='ltr'>videretur.</span> 
     </span>
     <span class='ocr_line' id='line_1_12' title="bbox 237 1417 1111 1490; baseline -0.001 -11"><span class='ocrx_word' id='word_1_77' title='bbox 237 1418 291 1480; x_wconf 81' lang='lat' dir='ltr'>sic</span> <span class='ocrx_word' id='word_1_78' title='bbox 305 1435 337 1476; x_wconf 90' lang='lat' dir='ltr'>ae</span> <span class='ocrx_word' id='word_1_79' title='bbox 358 1434 404 1475; x_wconf 85' lang='lat' dir='ltr'>rea</span> <span class='ocrx_word' id='word_1_80' title='bbox 418 1417 525 1476; x_wconf 88' lang='lat' dir='ltr'>babel:</span> <span class='ocrx_word' id='word_1_81' title='bbox 546 1421 576 1474; x_wconf 91' lang='lat' dir='ltr'>le</span> <span class='ocrx_word' id='word_1_82' title='bbox 590 1421 648 1484; x_wconf 87' lang='lat' dir='ltr'>tua,</span> <span class='ocrx_word' id='word_1_83' title='bbox 673 1433 721 1474; x_wconf 86' lang='lat' dir='ltr'>me</span> <span class='ocrx_word' id='word_1_84' title='bbox 746 1418 896 1476; x_wconf 88' lang='lat' dir='ltr'>delectant</span> <span class='ocrx_word' id='word_1_85' title='bbox 919 1435 993 1476; x_wconf 88' lang='lat' dir='ltr'>mea.</span> <span class='ocrx_word' id='word_1_86' title='bbox 1036 1421 1111 1490; x_wconf 87' lang='lat' dir='ltr'>Sed,</span> 
     </span>
     <span class='ocr_line' id='line_1_13' title="bbox 236 1516 1110 1592; baseline 0.002 -14"><span class='ocrx_word' id='word_1_87' title='bbox 236 1523 270 1578; x_wconf 86' lang='lat' dir='ltr'>ul</span> <span class='ocrx_word' id='word_1_88' title='bbox 296 1517 333 1575; x_wconf 87' lang='lat' dir='ltr'>ad</span> <span class='ocrx_word' id='word_1_89' title='bbox 361 1516 540 1592; x_wconf 87' lang='lat' dir='ltr'>Dionysium</span> <span class='ocrx_word' id='word_1_90' title='bbox 567 1517 738 1587; x_wconf 84' lang='lat' dir='ltr'>redeamus;</span> <span class='ocrx_word' id='word_1_91' title='bbox 760 1518 843 1592; x_wconf 85' lang='lat' dir='ltr'>omni</span> <span class='ocrx_word' id='word_1_92' title='bbox 860 1519 940 1576; x_wconf 86' lang='lat' dir='ltr'>cultu</span> <span class='ocrx_word' id='word_1_93' title='bbox 968 1523 998 1575; x_wconf 86' lang='lat' dir='ltr'>et</span> <span class='ocrx_word' id='word_1_94' title='bbox 1025 1520 1110 1580; x_wconf 85' lang='lat' dir='ltr'>victu</span> 
     </span>
     <span class='ocr_line' id='line_1_14' title="bbox 236 1616 1111 1692; baseline -0.002 -14"><span class='ocrx_word' id='word_1_95' title='bbox 236 1616 365 1678; x_wconf 85' lang='lat' dir='ltr'>bumano</span> <span class='ocrx_word' id='word_1_96' title='bbox 390 1617 530 1676; x_wconf 77' lang='lat' dir='ltr'>carebat:</span> <span class='ocrx_word' id='word_1_97' title='bbox 550 1616 673 1675; x_wconf 77' lang='lat' dir='ltr'>vivebat</span> <span class='ocrx_word' id='word_1_98' title='bbox 695 1633 763 1676; x_wconf 92' lang='lat' dir='ltr'>cum</span> <span class='ocrx_word' id='word_1_99' title='bbox 787 1616 929 1692; x_wconf 79' lang='lat' dir='ltr'>fugitivis,</span> <span class='ocrx_word' id='word_1_100' title='bbox 949 1633 1016 1675; x_wconf 90' lang='lat' dir='ltr'>curn</span> <span class='ocrx_word' id='word_1_101' title='bbox 1040 1619 1111 1676; x_wconf 88' lang='lat' dir='ltr'>laci·</span> 
     </span>
     <span class='ocr_line' id='line_1_15' title="bbox 235 1715 1109 1791; baseline -0.001 -14"><span class='ocrx_word' id='word_1_102' title='bbox 235 1718 358 1786; x_wconf 78' lang='lat' dir='ltr'>morosis,</span> <span class='ocrx_word' id='word_1_103' title='bbox 382 1733 449 1775; x_wconf 92' lang='lat' dir='ltr'>cum</span> <span class='ocrx_word' id='word_1_104' title='bbox 477 1715 626 1774; x_wconf 88' lang='lat' dir='ltr'>barbaris:</span> <span class='ocrx_word' id='word_1_105' title='bbox 645 1716 804 1783; x_wconf 84' lang='lat' dir='ltr'>neminem,</span> <span class='ocrx_word' id='word_1_106' title='bbox 827 1716 876 1791; x_wconf 91' lang='lat' dir='ltr'>qni</span> <span class='ocrx_word' id='word_1_107' title='bbox 899 1721 950 1775; x_wconf 90' lang='lat' dir='ltr'>aut</span> <span class='ocrx_word' id='word_1_108' title='bbox 974 1717 1109 1776; x_wconf 82' lang='lat' dir='ltr'>libertale</span> 
     </span>
     <span class='ocr_line' id='line_1_16' title="bbox 234 1815 1109 1891; baseline 0 -15"><span class='ocrx_word' id='word_1_109' title='bbox 234 1815 341 1891; x_wconf 79' lang='lat' dir='ltr'>dignus</span> <span class='ocrx_word' id='word_1_110' title='bbox 355 1821 441 1884; x_wconf 85' lang='lat' dir='ltr'>esset,</span> <span class='ocrx_word' id='word_1_111' title='bbox 455 1821 505 1873; x_wconf 84' lang='lat' dir='ltr'>ant</span> <span class='ocrx_word' id='word_1_112' title='bbox 529 1816 621 1874; x_wconf 86' lang='lat' dir='ltr'>vellol</span> <span class='ocrx_word' id='word_1_113' title='bbox 634 1815 755 1877; x_wconf 91' lang='lat' dir='ltr'>omnino</span> <span class='ocrx_word' id='word_1_114' title='bbox 775 1816 849 1874; x_wconf 92' lang='lat' dir='ltr'>liber</span> <span class='ocrx_word' id='word_1_115' title='bbox 862 1833 936 1886; x_wconf 86' lang='lat' dir='ltr'>esse,</span> <span class='ocrx_word' id='word_1_116' title='bbox 961 1816 1018 1876; x_wconf 90' lang='lat' dir='ltr'>sibi</span> <span class='ocrx_word' id='word_1_117' title='bbox 1038 1817 1109 1878; x_wconf 79' lang='lat' dir='ltr'>emi·</span> 
     </span>
     <span class='ocr_line' id='line_1_17' title="bbox 235 1914 854 1974; baseline -0.011 0"><span class='ocrx_word' id='word_1_118' title='bbox 235 1914 518 1974; x_wconf 80' lang='lat' dir='ltr'>anmarbilrebutur.</span> <span class='ocrx_word' id='word_1_119' title='bbox 849 1929 854 1934; x_wconf 92' lang='lat'>·</span> 
     </span>
    </p>

    <p class='ocr_par' dir='ltr' id='par_1_3' title="bbox 233 2014 1108 2489">
     <span class='ocr_line' id='line_1_18' title="bbox 275 2014 1107 2092; baseline 0.005 -19"><span class='ocrx_word' id='word_1_120' title='bbox 275 2015 346 2074; x_wconf 87' lang='lat' dir='ltr'>Non</span> <span class='ocrx_word' id='word_1_121' title='bbox 360 2033 415 2090; x_wconf 83' lang='lat' dir='ltr'>ego</span> <span class='ocrx_word' id='word_1_122' title='bbox 428 2014 493 2088; x_wconf 85' lang='lat' dir='ltr'>jam</span> <span class='ocrx_word' id='word_1_123' title='bbox 506 2031 573 2074; x_wconf 89' lang='lat' dir='ltr'>cum</span> <span class='ocrx_word' id='word_1_124' title='bbox 588 2015 673 2091; x_wconf 87' lang='lat' dir='ltr'>hujus</span> <span class='ocrx_word' id='word_1_125' title='bbox 686 2016 760 2086; x_wconf 88' lang='lat' dir='ltr'>vita,</span> <span class='ocrx_word' id='word_1_126' title='bbox 774 2032 830 2092; x_wconf 86' lang='lat' dir='ltr'>qua</span> <span class='ocrx_word' id='word_1_127' title='bbox 841 2015 951 2084; x_wconf 82' lang='lat' dir='ltr'>tetrius,</span> <span class='ocrx_word' id='word_1_128' title='bbox 965 2017 1107 2088; x_wconf 78' lang='lat' dir='ltr'>miserius,</span> 
     </span>
     <span class='ocr_line' id='line_1_19' title="bbox 234 2114 1108 2190; baseline 0 -16"><span class='ocrx_word' id='word_1_129' title='bbox 234 2114 435 2174; x_wconf 76' lang='lat' dir='ltr'>detestabilius</span> <span class='ocrx_word' id='word_1_130' title='bbox 459 2116 629 2190; x_wconf 83' lang='lat' dir='ltr'>excogitare</span> <span class='ocrx_word' id='word_1_131' title='bbox 656 2115 731 2174; x_wconf 83' lang='lat' dir='ltr'>nihil</span> <span class='ocrx_word' id='word_1_132' title='bbox 756 2133 881 2189; x_wconf 84' lang='lat' dir='ltr'>possum,</span> <span class='ocrx_word' id='word_1_133' title='bbox 903 2117 1034 2175; x_wconf 75' lang='lat' dir='ltr'><strong>Platonis</strong></span> <span class='ocrx_word' id='word_1_134' title='bbox 1055 2119 1108 2174; x_wconf 87' lang='lat' dir='ltr'>aut</span> 
     </span>
     <span class='ocr_line' id='line_1_20' title="bbox 234 2213 1108 2290; baseline 0 -16"><span class='ocrx_word' id='word_1_135' title='bbox 234 2213 389 2288; x_wconf 78' lang='lat' dir='ltr'>Archytae</span> <span class='ocrx_word' id='word_1_136' title='bbox 414 2213 506 2272; x_wconf 84' lang='lat' dir='ltr'>vitem</span> <span class='ocrx_word' id='word_1_137' title='bbox 527 2217 713 2290; x_wconf 82' lang='lat' dir='ltr'>comparabo,</span> <span class='ocrx_word' id='word_1_138' title='bbox 737 2216 887 2273; x_wconf 89' lang='lat' dir='ltr'>doctorum</span> <span class='ocrx_word' id='word_1_139' title='bbox 912 2215 1060 2274; x_wconf 89' lang='lat' dir='ltr'>hominurn</span> <span class='ocrx_word' id='word_1_140' title='bbox 1075 2218 1108 2274; x_wconf 83' lang='lat' dir='ltr'>el</span> 
     </span>
     <span class='ocr_line' id='line_1_21' title="bbox 233 2311 1108 2387; baseline 0.007 -19"><span class='ocrx_word' id='word_1_141' title='bbox 233 2314 322 2387; x_wconf 77' lang='lat' dir='ltr'>plane</span> <span class='ocrx_word' id='word_1_142' title='bbox 336 2311 528 2386; x_wconf 85' lang='lat' dir='ltr'>sapientium:</span> <span class='ocrx_word' id='word_1_143' title='bbox 550 2331 590 2372; x_wconf 87' lang='lat' dir='ltr'>ex</span> <span class='ocrx_word' id='word_1_144' title='bbox 612 2316 716 2372; x_wconf 84' lang='lat' dir='ltr'>eudem</span> <span class='ocrx_word' id='word_1_145' title='bbox 730 2318 800 2372; x_wconf 88' lang='lat' dir='ltr'>urbe</span> <span class='ocrx_word' id='word_1_146' title='bbox 824 2315 964 2372; x_wconf 88' lang='lat' dir='ltr'>humilem</span> <span class='ocrx_word' id='word_1_147' title='bbox 987 2315 1108 2374; x_wconf 87' lang='lat' dir='ltr'>homun-</span> 
     </span>
     <span class='ocr_line' id='line_1_22' title="bbox 234 2408 1108 2489; baseline 0.007 -21"><span class='ocrx_word' id='word_1_148' title='bbox 234 2411 341 2478; x_wconf 80' lang='lat' dir='ltr'>culum,</span> <span class='ocrx_word' id='word_1_149' title='bbox 361 2408 407 2470; x_wconf 76' lang='lat' dir='ltr'>⁸³a</span> <span class='ocrx_word' id='word_1_150' title='bbox 421 2414 541 2486; x_wconf 79' lang='lat' dir='ltr'>pulvere</span> <span class='ocrx_word' id='word_1_151' title='bbox 555 2419 585 2470; x_wconf 87' lang='lat' dir='ltr'>et</span> <span class='ocrx_word' id='word_1_152' title='bbox 610 2415 691 2472; x_wconf 87' lang='lat' dir='ltr'>radio</span> <span class='ocrx_word' id='word_1_153' title='bbox 711 2414 859 2481; x_wconf 77' lang='lat' dir='ltr'>excitano,</span> <span class='ocrx_word' id='word_1_154' title='bbox 873 2416 921 2489; x_wconf 88' lang='lat' dir='ltr'>qui</span> <span class='ocrx_word' id='word_1_155' title='bbox 945 2415 1042 2471; x_wconf 84' lang='lat' dir='ltr'>multis</span> <span class='ocrx_word' id='word_1_156' title='bbox 1057 2431 1108 2474; x_wconf 89' lang='lat' dir='ltr'>an-</span> 
     </span>
    </p>

    <p class='ocr_par' dir='ltr' id='par_1_4' title="bbox 181 2495 1108 2786">
     <span class='ocr_line' id='line_1_23' title="bbox 181 2495 1108 2589; baseline 0.003 -21"><span class='ocrx_word' id='word_1_157' title='bbox 181 2495 281 2568; x_wconf 78' lang='lat' dir='ltr'>23nis</span> <span class='ocrx_word' id='word_1_158' title='bbox 295 2515 359 2584; x_wconf 85' lang='lat' dir='ltr'>post</span> <span class='ocrx_word' id='word_1_159' title='bbox 381 2511 445 2580; x_wconf 86' lang='lat' dir='ltr'>luit,</span> <span class='ocrx_word' id='word_1_160' title='bbox 467 2511 684 2570; x_wconf 80' lang='lat' dir='ltr'>Archimedem.</span> <span class='ocrx_word' id='word_1_161' title='bbox 726 2513 817 2587; x_wconf 83' lang='lat' dir='ltr'>Cujus</span> <span class='ocrx_word' id='word_1_162' title='bbox 839 2531 894 2588; x_wconf 85' lang='lat' dir='ltr'>ego</span> <span class='ocrx_word' id='word_1_163' title='bbox 907 2519 1040 2589; x_wconf 81' lang='lat' dir='ltr'>quaestor</span> <span class='ocrx_word' id='word_1_164' title='bbox 1066 2515 1108 2589; x_wconf 83' lang='lat' dir='ltr'>ig·</span> 
     </span>
     <span class='ocr_line' id='line_1_24' title="bbox 234 2611 1106 2686; baseline 0.001 -16"><span class='ocrx_word' id='word_1_165' title='bbox 234 2616 366 2670; x_wconf 69' lang='lat' dir='ltr'>moratum</span> <span class='ocrx_word' id='word_1_166' title='bbox 381 2611 418 2668; x_wconf 82' lang='lat' dir='ltr'>ab</span> <span class='ocrx_word' id='word_1_167' title='bbox 441 2612 645 2684; x_wconf 79' lang='lat' dir='ltr'>Syracusanis,</span> <span class='ocrx_word' id='word_1_168' title='bbox 659 2629 725 2668; x_wconf 92' lang='lat' dir='ltr'>cum</span> <span class='ocrx_word' id='word_1_169' title='bbox 743 2630 807 2668; x_wconf 82' lang='lat' dir='ltr'>esse</span> <span class='ocrx_word' id='word_1_170' title='bbox 821 2612 941 2670; x_wconf 90' lang='lat' dir='ltr'>omnino</span> <span class='ocrx_word' id='word_1_171' title='bbox 954 2617 1106 2686; x_wconf 80' lang='lat' dir='ltr'>negarent,</span> 
     </span>
     <span class='ocr_line' id='line_1_25' title="bbox 233 2709 1107 2786; baseline 0 -16"><span class='ocrx_word' id='word_1_172' title='bbox 233 2716 347 2786; x_wconf 77' lang='lat' dir='ltr'>septum</span> <span class='ocrx_word' id='word_1_173' title='bbox 362 2709 487 2785; x_wconf 89' lang='lat' dir='ltr'>undique</span> <span class='ocrx_word' id='word_1_174' title='bbox 501 2715 532 2770; x_wconf 87' lang='lat' dir='ltr'>et</span> <span class='ocrx_word' id='word_1_175' title='bbox 547 2710 685 2771; x_wconf 83' lang='lat' dir='ltr'>vestitum</span> <span class='ocrx_word' id='word_1_176' title='bbox 699 2711 834 2784; x_wconf 79' lang='lat' dir='ltr'>vepribus</span> <span class='ocrx_word' id='word_1_177' title='bbox 854 2717 885 2772; x_wconf 91' lang='lat' dir='ltr'>et</span> <span class='ocrx_word' id='word_1_178' title='bbox 905 2710 1039 2778; x_wconf 87' lang='lat' dir='ltr'>dumetis,</span> <span class='ocrx_word' id='word_1_179' title='bbox 1063 2712 1107 2771; x_wconf 93' lang='lat' dir='ltr'>in·</span> 
     </span>
    </p>
   </div>
   <div class='ocr_carea' id='block_1_3' title="bbox 233 2863 1106 2988">
    <p class='ocr_par' dir='ltr' id='par_1_5' title="bbox 233 2863 1106 2988">
     <span class='ocr_line' id='line_1_26' title="bbox 262 2863 1106 2927; baseline 0 -13"><span class='ocrx_word' id='word_1_180' title='bbox 262 2863 284 2900; x_wconf 79' lang='lat'>⁸⁰</span> <span class='ocrx_word' id='word_1_181' title='bbox 297 2866 379 2916; x_wconf 82' lang='lat' dir='ltr'>dorlon</span> <span class='ocrx_word' id='word_1_182' title='bbox 388 2880 464 2924; x_wconf 67' lang='lat' dir='ltr'>numo,</span> <span class='ocrx_word' id='word_1_183' title='bbox 474 2865 530 2927; x_wconf 83' lang='lat' dir='ltr'>etc]</span> <span class='ocrx_word' id='word_1_184' title='bbox 562 2864 666 2916; x_wconf 81' lang='lat' dir='ltr'>Davisius</span> <span class='ocrx_word' id='word_1_185' title='bbox 676 2865 747 2912; x_wconf 84' lang='lat' dir='ltr'>edidit</span> <span class='ocrx_word' id='word_1_186' title='bbox 756 2865 815 2912; x_wconf 86' lang='lat' dir='ltr'>docto</span> <span class='ocrx_word' id='word_1_187' title='bbox 826 2870 846 2916; x_wconf 81' lang='lat' dir='ltr'>ct</span> <span class='ocrx_word' id='word_1_188' title='bbox 861 2881 875 2912; x_wconf 86' lang='lat' dir='ltr'>o</span> <span class='ocrx_word' id='word_1_189' title='bbox 888 2880 957 2925; x_wconf 77' lang='lat' dir='ltr'>puero</span> <span class='ocrx_word' id='word_1_190' title='bbox 971 2893 978 2900; x_wconf 96' lang='lat'>·</span> <span class='ocrx_word' id='word_1_191' title='bbox 990 2893 999 2900; x_wconf 97' lang='lat'>·</span> <span class='ocrx_word' id='word_1_192' title='bbox 1010 2865 1106 2927; x_wconf 60' lang='lat' dir='ltr'>madito,</span> 
     </span>
     <span class='ocr_line' id='line_1_27' title="bbox 233 2925 452 2988; baseline -0.009 -15"><span class='ocrx_word' id='word_1_193' title='bbox 233 2925 293 2988; x_wconf 70' lang='lat' dir='ltr'>qnod</span> <span class='ocrx_word' id='word_1_194' title='bbox 303 2941 380 2973; x_wconf 81' lang='lat' dir='ltr'>verum</span> <span class='ocrx_word' id='word_1_195' title='bbox 390 2931 452 2988; x_wconf 85' lang='lat' dir='ltr'>puto.</span> 
     </span>
    </p>
   </div>
   <div class='ocr_carea' id='block_1_4' title="bbox 232 3003 1107 3300">
    <p class='ocr_par' dir='ltr' id='par_1_6' title="bbox 232 3003 1107 3300">
     <span class='ocr_line' id='line_1_28' title="bbox 262 3003 1107 3066; baseline 0.004 -15"><span class='ocrx_word' id='word_1_196' title='bbox 262 3004 282 3036; x_wconf 78' lang='lat'>⁸¹</span> <span class='ocrx_word' id='word_1_197' title='bbox 297 3003 439 3051; x_wconf 67' lang='lat' dir='ltr'>histricorum</span> <span class='ocrx_word' id='word_1_198' title='bbox 449 3020 467 3050; x_wconf 88' lang='lat' dir='ltr'>o.</span> <span class='ocrx_word' id='word_1_199' title='bbox 480 3004 661 3060; x_wconf 76' lang='lat' dir='ltr'>perstudiosum·</span> <span class='ocrx_word' id='word_1_200' title='bbox 678 3028 687 3035; x_wconf 95' lang='lat'>·</span> <span class='ocrx_word' id='word_1_201' title='bbox 705 3005 818 3062; x_wconf 70' lang='lat' dir='ltr'>tragicum</span> <span class='ocrx_word' id='word_1_202' title='bbox 831 3005 964 3066; x_wconf 74' lang='lat' dir='ltr'>occepimus]</span> <span class='ocrx_word' id='word_1_203' title='bbox 978 3005 1107 3054; x_wconf 73' lang='lat' dir='ltr'>addidimus</span> 
     </span>
     <span class='ocr_line' id='line_1_29' title="bbox 232 3061 1104 3117; baseline 0.001 -9"><span class='ocrx_word' id='word_1_204' title='bbox 232 3061 307 3110; x_wconf 76' lang='lat' dir='ltr'>eMss</span> <span class='ocrx_word' id='word_1_205' title='bbox 325 3069 374 3110; x_wconf 88' lang='lat' dir='ltr'>lum</span> <span class='ocrx_word' id='word_1_206' title='bbox 389 3062 447 3117; x_wconf 76' lang='lat' dir='ltr'>aliis,</span> <span class='ocrx_word' id='word_1_207' title='bbox 457 3071 502 3110; x_wconf 81' lang='lat' dir='ltr'>turn</span> <span class='ocrx_word' id='word_1_208' title='bbox 514 3063 587 3109; x_wconf 78' lang='lat' dir='ltr'>(iucif.</span> <span class='ocrx_word' id='word_1_209' title='bbox 599 3071 623 3107; x_wconf 87' lang='lat' dir='ltr'>et</span> <span class='ocrx_word' id='word_1_210' title='bbox 632 3063 683 3107; x_wconf 86' lang='lat' dir='ltr'>edd.</span> <span class='ocrx_word' id='word_1_211' title='bbox 695 3069 752 3108; x_wconf 76' lang='lat' dir='ltr'>vett.</span> <span class='ocrx_word' id='word_1_212' title='bbox 766 3065 861 3110; x_wconf 72' lang='lat' dir='ltr'>ttuliol.</span> <span class='ocrx_word' id='word_1_213' title='bbox 874 3067 964 3116; x_wconf 71' lang='lat' dir='ltr'>luctus,</span> <span class='ocrx_word' id='word_1_214' title='bbox 979 3065 1029 3111; x_wconf 81' lang='lat' dir='ltr'>did.</span> <span class='ocrx_word' id='word_1_215' title='bbox 1042 3065 1104 3112; x_wconf 88' lang='lat' dir='ltr'>Vict.</span> 
     </span>
     <span class='ocr_line' id='line_1_30' title="bbox 232 3122 1107 3184; baseline 0.002 -16"><span class='ocrx_word' id='word_1_216' title='bbox 232 3125 276 3172; x_wconf 78' lang='lat' dir='ltr'>etc.</span> <span class='ocrx_word' id='word_1_217' title='bbox 287 3123 416 3178; x_wconf 63' lang='lat' dir='ltr'>acceptioue.</span> <span class='ocrx_word' id='word_1_218' title='bbox 427 3137 477 3168; x_wconf 81' lang='lat' dir='ltr'>unm</span> <span class='ocrx_word' id='word_1_219' title='bbox 488 3122 544 3166; x_wconf 62' lang='lat' dir='ltr'>{llius</span> <span class='ocrx_word' id='word_1_220' title='bbox 555 3122 846 3172; x_wconf 80' lang='lat' dir='ltr'>nonest‚1rrrdenccrrsativi</span> <span class='ocrx_word' id='word_1_221' title='bbox 857 3125 975 3184; x_wconf 78' lang='lat' dir='ltr'>pendeant.</span> <span class='ocrx_word' id='word_1_222' title='bbox 1008 3123 1107 3171; x_wconf 82' lang='lat' dir='ltr'>Facilius</span> 
     </span>
     <span class='ocr_line' id='line_1_31' title="bbox 232 3179 1107 3250; baseline 0 -22"><span class='ocrx_word' id='word_1_223' title='bbox 232 3187 290 3234; x_wconf 81' lang='lat' dir='ltr'>erat,</span> <span class='ocrx_word' id='word_1_224' title='bbox 302 3183 357 3228; x_wconf 82' lang='lat' dir='ltr'>baec</span> <span class='ocrx_word' id='word_1_225' title='bbox 367 3182 500 3236; x_wconf 67' lang='lat' dir='ltr'>couiuuuere</span> <span class='ocrx_word' id='word_1_226' title='bbox 511 3179 660 3250; x_wconf 66' lang='lat' dir='ltr'>superioribus</span> <span class='ocrx_word' id='word_1_227' title='bbox 675 3180 705 3225; x_wconf 87' lang='lat' dir='ltr'>sic</span> <span class='ocrx_word' id='word_1_228' title='bbox 714 3195 744 3227; x_wconf 83' lang='lat' dir='ltr'>m.</span> <span class='ocrx_word' id='word_1_229' title='bbox 755 3195 775 3227; x_wconf 85' lang='lat' dir='ltr'>o.</span> <span class='ocrx_word' id='word_1_230' title='bbox 786 3183 922 3239; x_wconf 73' lang='lat' dir='ltr'>perstudiose</span> <span class='ocrx_word' id='word_1_231' title='bbox 931 3187 951 3227; x_wconf 78' lang='lat' dir='ltr'>et</span> <span class='ocrx_word' id='word_1_232' title='bbox 958 3187 1033 3240; x_wconf 72' lang='lat' dir='ltr'>potine</span> <span class='ocrx_word' id='word_1_233' title='bbox 1040 3182 1107 3236; x_wconf 73' lang='lat' dir='ltr'>etium</span> 
     </span>
     <span class='ocr_line' id='line_1_32' title="bbox 232 3239 1058 3300; baseline -0.001 -13"><span class='ocrx_word' id='word_1_234' title='bbox 232 3241 316 3298; x_wconf 74' lang='lat' dir='ltr'>tragico</span> <span class='ocrx_word' id='word_1_235' title='bbox 327 3261 333 3285; x_wconf 82' lang='lat'>.-</span> <span class='ocrx_word' id='word_1_236' title='bbox 348 3254 414 3300; x_wconf 72' lang='lat' dir='ltr'>quom</span> <span class='ocrx_word' id='word_1_237' title='bbox 424 3241 486 3294; x_wconf 81' lang='lat' dir='ltr'>bono,</span> <span class='ocrx_word' id='word_1_238' title='bbox 496 3239 557 3286; x_wconf 64' lang='lat' dir='ltr'>nunt</span> <span class='ocrx_word' id='word_1_239' title='bbox 564 3239 594 3286; x_wconf 82' lang='lat' dir='ltr'>od</span> <span class='ocrx_word' id='word_1_240' title='bbox 601 3254 658 3295; x_wconf 80' lang='lat' dir='ltr'>rem,</span> <span class='ocrx_word' id='word_1_241' title='bbox 665 3246 690 3286; x_wconf 87' lang='lat' dir='ltr'>ut</span> <span class='ocrx_word' id='word_1_242' title='bbox 698 3239 802 3300; x_wconf 76' lang='lat' dir='ltr'>placebat</span> <span class='ocrx_word' id='word_1_243' title='bbox 813 3241 916 3298; x_wconf 86' lang='lat' dir='ltr'>Bentlcjo</span> <span class='ocrx_word' id='word_1_244' title='bbox 924 3247 948 3286; x_wconf 89' lang='lat' dir='ltr'>et</span> <span class='ocrx_word' id='word_1_245' title='bbox 957 3241 1058 3288; x_wconf 76' lang='lat' dir='ltr'>Davisio.</span> 
     </span>
    </p>
   </div>
   <div class='ocr_carea' id='block_1_5' title="bbox 230 3315 1107 3498">
    <p class='ocr_par' dir='ltr' id='par_1_7' title="bbox 230 3315 1107 3498">
     <span class='ocr_line' id='line_1_33' title="bbox 262 3315 1107 3424; baseline 0.008 -60"><span class='ocrx_word' id='word_1_246' title='bbox 262 3319 284 3350; x_wconf 78' lang='lat'>⁸²</span> <span class='ocrx_word' id='word_1_247' title='bbox 300 3323 320 3364; x_wconf 84' lang='lat' dir='ltr'>et</span> <span class='ocrx_word' id='word_1_248' title='bbox 330 3318 442 3375; x_wconf 78' lang='lat' dir='ltr'>mibisuit</span> <span class='ocrx_word' id='word_1_249' title='bbox 452 3333 503 3364; x_wconf 86' lang='lat' dir='ltr'>cum</span> <span class='ocrx_word' id='word_1_250' title='bbox 513 3320 554 3378; x_wconf 80' lang='lat' dir='ltr'>Aq.</span> <span class='ocrx_word' id='word_1_251' title='bbox 567 3315 685 3380; x_wconf 65' lang='lat' dir='ltr'>ambitio]</span> <span class='ocrx_word' id='word_1_252' title='bbox 713 3319 819 3424; x_wconf 54' lang='lat' dir='ltr'>djuiuius</span> <span class='ocrx_word' id='word_1_253' title='bbox 829 3335 883 3376; x_wconf 69' lang='lat' dir='ltr'>ergo</span> <span class='ocrx_word' id='word_1_254' title='bbox 891 3323 965 3383; x_wconf 63' lang='lat' dir='ltr'>podia</span> <span class='ocrx_word' id='word_1_255' title='bbox 972 3319 1107 3371; x_wconf 62' lang='lat' dir='ltr'>deterrimus</span> 
     </span>
     <span class='ocr_line' id='line_1_34' title="bbox 230 3375 1107 3438; baseline 0.007 -15"><span class='ocrx_word' id='word_1_256' title='bbox 230 3375 282 3423; x_wconf 78' lang='lat' dir='ltr'>trit.</span> <span class='ocrx_word' id='word_1_257' title='bbox 293 3391 313 3420; x_wconf 86' lang='lat' dir='ltr'>v.</span> <span class='ocrx_word' id='word_1_258' title='bbox 326 3377 391 3423; x_wconf 77' lang='lat' dir='ltr'>Clau.</span> <span class='ocrx_word' id='word_1_259' title='bbox 423 3377 529 3422; x_wconf 80' lang='lat' dir='ltr'>Ceterum</span> <span class='ocrx_word' id='word_1_260' title='bbox 541 3378 654 3424; x_wconf 83' lang='lat' dir='ltr'>eCalullo</span> <span class='ocrx_word' id='word_1_261' title='bbox 665 3379 727 3436; x_wconf 65' lang='lat' dir='ltr'>legen</span> <span class='ocrx_word' id='word_1_262' title='bbox 745 3394 782 3425; x_wconf 89' lang='lat' dir='ltr'>um</span> <span class='ocrx_word' id='word_1_263' title='bbox 802 3381 896 3438; x_wconf 79' lang='lat' dir='ltr'>Aquino.</span> <span class='ocrx_word' id='word_1_264' title='bbox 917 3395 968 3427; x_wconf 79' lang='lat' dir='ltr'>nem</span> <span class='ocrx_word' id='word_1_265' title='bbox 988 3380 1019 3426; x_wconf 89' lang='lat' dir='ltr'>ibi</span> <span class='ocrx_word' id='word_1_266' title='bbox 1037 3380 1107 3428; x_wconf 83' lang='lat' dir='ltr'>corri-</span> 
     </span>
     <span class='ocr_line' id='line_1_35' title="bbox 231 3435 775 3498; baseline 0.009 -18"><span class='ocrx_word' id='word_1_267' title='bbox 231 3447 306 3496; x_wconf 63' lang='lat' dir='ltr'>‘eree</span> <span class='ocrx_word' id='word_1_268' title='bbox 315 3435 424 3482; x_wconf 81' lang='lat' dir='ltr'>Cicerone</span> <span class='ocrx_word' id='word_1_269' title='bbox 431 3435 547 3498; x_wconf 79' lang='lat' dir='ltr'>Aquinior,</span> <span class='ocrx_word' id='word_1_270' title='bbox 558 3443 652 3483; x_wconf 85' lang='lat' dir='ltr'>metrum</span> <span class='ocrx_word' id='word_1_271' title='bbox 663 3451 706 3484; x_wconf 90' lang='lat' dir='ltr'>non</span> <span class='ocrx_word' id='word_1_272' title='bbox 716 3439 775 3485; x_wconf 84' lang='lat' dir='ltr'>sinit.</span> 
     </span>
    </p>
   </div>
   <div class='ocr_carea' id='block_1_6' title="bbox 233 3513 1105 3640">
    <p class='ocr_par' dir='ltr' id='par_1_8' title="bbox 233 3513 1105 3640">
     <span class='ocr_line' id='line_1_36' title="bbox 262 3513 1105 3594; baseline 0.021 -38"><span class='ocrx_word' id='word_1_273' title='bbox 262 3513 285 3580; x_wconf 62' lang='lat'>⁶?</span> <span class='ocrx_word' id='word_1_274' title='bbox 295 3515 411 3582; x_wconf 63' lang='lat' dir='ltr'>¹‹spirtu-ou</span> <span class='ocrx_word' id='word_1_275' title='bbox 421 3515 513 3561; x_wconf 75' lang='lat' dir='ltr'>drucio</span> <span class='ocrx_word' id='word_1_276' title='bbox 524 3515 581 3580; x_wconf 78' lang='lat' dir='ltr'>coc]</span> <span class='ocrx_word' id='word_1_277' title='bbox 598 3515 705 3572; x_wconf 75' lang='lat' dir='ltr'>describit</span> <span class='ocrx_word' id='word_1_278' title='bbox 716 3517 908 3584; x_wconf 75' lang='lat' dir='ltr'>mathematicum,</span> <span class='ocrx_word' id='word_1_279' title='bbox 927 3519 966 3586; x_wconf 86' lang='lat' dir='ltr'>qui</span> <span class='ocrx_word' id='word_1_280' title='bbox 985 3517 1051 3573; x_wconf 79' lang='lat' dir='ltr'>radio</span> <span class='ocrx_word' id='word_1_281' title='bbox 1065 3519 1105 3594; x_wconf 54' lang='lat' dir='ltr'>Q·</span> 
     </span>
     <span class='ocr_line' id='line_1_37' title="bbox 233 3569 539 3640; baseline 0.01 -17"><span class='ocrx_word' id='word_1_282' title='bbox 233 3569 539 3640; x_wconf 73' lang='lat' dir='ltr'>tcnbrtuupulvereflgurar.</span> 
     </span>
    </p>
   </div>
   <div class='ocr_carea' id='block_1_7' title="bbox 0 0 1278 4208">
    <p class='ocr_par' dir='ltr' id='par_1_9' title="bbox 0 0 1278 4208">
     <span class='ocr_line' id='line_1_38' title="bbox 0 0 1278 4208; baseline 0 3"><span class='ocrx_word' id='word_1_283' title='bbox 0 0 1278 4208; x_wconf 95' lang='lat' dir='ltr'> </span> 
     </span>
    </p>
   </div>
  </div>
 </body>
</html>
