2538 4188
457 273 752 324 umnmouanur.
984 279 1046 340 uui

173 423 275 482 aethra
294 422 412 490 dieitur,
432 425 564 480 etenum
589 421 697 480 retinet
719 404 850 480 ardorem
870 427 998 488 tenuem,
1018 427 1048 480 et

172 526 253 582 nulia
267 522 441 582 admistione
456 525 635 586 sonantum,
649 527 679 578 et
694 537 760 578 narn
771 521 847 579 eiiris
861 521 1049 579 extremitate

172 621 370 696 conjungitur.
413 621 449 678 ln
483 622 602 676 aethere
635 626 732 677 autern
766 626 843 678 astra
871 621 1100 690 volvuntundd

173 739 247 797 quae
268 739 301 777 ss
314 725 347 777 et
358 719 430 780 nixu
456 737 508 778 suo
521 721 696 793 eongtobata
710 723 886 779 continent:
908 725 938 776 et
959 719 1050 776 ionae

172 820 246 893 ipsa,
260 820 415 895 figuraque,
437 837 488 881 ma
511 825 657 878 momente
681 825 855 878 sustentant.
877 826 944 876 sunt
969 817 1049 876 eninr

173 915 315 978 rutunda:
336 920 438 994 quibus
458 919 566 986 iuratis,
580 923 611 978 ut
636 925 705 978 anta
729 920 841 976 dixisse
865 917 978 984 videor,
1000 917 1051 973 mi·

173 1019 254 1078 trime
268 1017 503 1093 noneir'pdisst*
529 1021 716 1098 Sapientem
736 1020 840 1076 steliae
856 1022 958 1074 natura
973 1016 1050 1074 dnm·

174 1134 266 1174 meae.
282 1118 417 1191 quooirea
432 1125 534 1188 terrae,
544 1118 640 1184 maris,
654 1133 791 1191 aquarum
803 1116 958 1189 vaporibus
971 1118 1050 1173 atun-

174 1219 220 1273 tur
233 1216 279 1283 iis,
292 1216 342 1291 qui
355 1233 373 1274 a
386 1219 448 1273 soie
462 1235 500 1274 ex
515 1217 592 1292 agris
606 1216 770 1290 tepefactis,
796 1222 827 1273 et
843 1234 881 1273 ex
905 1215 987 1291 aquis
1002 1231 1051 1273 ex·

173 1315 320 1374 citantur:
339 1315 443 1390 quibus
471 1319 558 1384 attae,
584 1321 801 1390 renovataeque
825 1317 941 1382 steiiae,
963 1319 1057 1390 atque!

173 1414 268 1472 omnis
291 1416 403 1481 aether,
425 1415 580 1472 refundunt
607 1417 720 1482 eadem,
739 1421 769 1472 et
795 1431 906 1472 mesum
929 1415 1048 1491 trahunt

173 1510 314 1577 indidem,
329 1512 404 1570 nihii
418 1517 449 1569 ut
463 1513 523 1569 iere
541 1513 676 1580 intereat,
689 1519 739 1570 eut
759 1515 913 1572 admodum
941 1513 1049 1584 panitu-

175 1613 245 1679 ium,
259 1613 335 1688 quod
350 1618 491 1669 astmrnm
504 1611 591 1685 ignis,
605 1615 635 1666 et
658 1611 785 1668 aetheris
807 1612 922 1668 damma
947 1626 1050 1666 consu·

178 1716 249 1768 mat.
290 1711 339 1768 Ex
364 1716 610 1786 quoeventurum
635 1710 724 1766 nostri
747 1715 850 1784 putant
871 1708 911 1773 id,
935 1709 1050 1782 dequo

173 1809 348 1868 Panaetium
362 1811 533 1868 addubitare
546 1809 694 1877 dicebant,
709 1816 740 1866 ut
753 1811 790 1866 ad
813 1814 975 1866 extremum
990 1827 1048 1866 om·

171 1908 218 1967 nis
233 1913 356 1967 mundns
367 1911 544 1984 ignesceret,
556 1925 634 1976 cunr,
645 1911 765 1967 humare
778 1915 941 1975 onusumto,
955 1927 1048 1983 neque

171 2011 248 2066 terra
274 2009 315 2065 ali
341 2014 448 2082 posset,
474 2025 569 2082 neque
595 2014 738 2066 remearet
759 2007 829 2078 aiir;
849 2007 933 2081 ouJ'us
960 2013 1048 2074 ortus,

171 2125 246 2183 aqua
271 2107 353 2166 omni
379 2110 532 2174 exhausta,
556 2091 621 2166 esse
645 2125 704 2167 non
728 2113 846 2182 posset:
869 2107 910 2165 ita
925 2106 1049 2182 relinqui

173 2207 247 2264 nihil
263 2213 376 2279 praeter
388 2206 505 2282 ignem3
527 2224 616 2282 aquo
636 2225 746 2266 rursum
760 2208 921 2272 animante,
935 2223 971 2263 aa
991 2208 1048 2263 deo

173 2304 328 2360 renovatio
352 2304 459 2369 mundi¹
476 2307 567 2369 tieret,
587 2311 672 2376 atque
694 2307 770 2364 idem
785 2311 903 2364 ornatus
916 2305 1046 2364 oriretur.

174 2400 254 2458 Noto
268 2399 298 2455 in
319 2401 467 2457 steitarum
482 2399 595 2456 ratione
616 2403 721 2456 multus
737 2404 822 2460 vobis
837 2404 941 2472 videri,
956 2406 1046 2463 maxi·

173 2515 277 2572 meque
297 2513 405 2564 earum,
419 2513 493 2570 quae
517 2513 611 2552 errare
635 2497 781 2555 dicuntur.
806 2515 925 2571 quarum
950 2509 1046 2562 tantus

173 2715 222 2758 ma
243 2695 362 2754 Saturni
387 2695 544 2770 refrigeret,
572 2695 668 2754 media
697 2695 801 2754 Martis
823 2696 973 2764 incendat,
1001 2698 1047 2756 his

76 2819 79 2826 ’
173 2797 328 2876 interiecta
342 2794 428 2852 Jovis
448 2795 582 2864 illustret,
601 2801 632 2853 et
652 2801 804 2868 temperet,
817 2795 948 2870 intraque
970 2795 1046 2854 Mar·

173 2900 233 2954 ient
253 2897 328 2952 duae
350 2895 414 2952 Soti
434 2893 583 2961 obediant,
603 2895 666 2968 ipse
692 2896 743 2953 Sol
765 2896 905 2953 mundum
928 2913 1045 2954 omnem

172 2997 305 3077 suatiune
319 2995 474 3066 compleat,
488 2997 526 3053 ab
546 3011 638 3070 eoque
660 2995 745 3052 Luna
765 2994 931 3052 illuminata
950 2995 1045 3068 gravi·

171 3073 288 3193 ditatiq,
311 3099 343 3150 et
371 3101 468 3167 partus
494 3093 604 3162 afferet,
632 3094 869 3168 maturitatesque
896 3093 1044 3168 gignendi.

175 3193 259 3267 Quae
273 3193 421 3267 copulatio
441 3210 544 3261 renam,
558 3201 589 3250 et
600 3193 681 3270 quasi
695 3193 884 3252 consentiens
898 3193 1045 3250 edmundi

173 3367 264 3418 Arcens.
276 3365 361 3414 atinde
370 3365 496 3414 eVintorio
505 3367 573 3425 aliae,
584 3383 625 3432 pro
638 3383 675 3424 eo,
701 3368 744 3416 uod
762 3373 815 3415 ante
824 3367 939 3423 edebatur,
950 3367 1045 3425 astina,

172 3429 198 3474 ut
205 3433 239 3473 est
249 3424 272 3474 in
283 3425 340 3474 Mas.
352 3426 483 3497 quibusdam
493 3427 530 3474 vel
538 3429 642 3474 aetherea.
713 3427 782 3474 virius
791 3427 863 3474 edidit
872 3427 946 3474 aetder
956 3449 963 3474 :
978 3435 1002 3474 et
1013 3429 1044 3475 ric

174 3483 228 3532 alibi
238 3486 260 3532 in
272 3486 305 3531 tris
315 3485 377 3531 libna
388 3485 442 3530 dicit
452 3485 533 3530 Cicero
541 3493 566 3532 et
575 3487 651 3536 rtedm
662 3491 728 3548 post:
743 3487 770 3536 ia
779 3487 865 3538 aedas
872 3492 953 3538 nutem.
963 3488 1043 3548 sedite

173 3543 561 3605 debemtmquimtderdicitur.
