2552 4208
236 347 299 412 rte
500 339 634 400 wasuh.
652 339 896 396 ounmnrouum

182 492 224 553 26
276 490 336 552 Sed
347 489 383 548 ad
394 486 473 550 lrano'
491 490 660 565 opinionem
674 490 772 566 magni
786 489 856 550 mali
869 507 936 550 oum
950 489 1002 549 illa
1015 491 1107 552 etiem

233 590 335 665 opinio
346 590 511 659 accesserit,
523 599 656 664 oportere
669 610 678 661 ς
699 595 809 649 rectum
824 608 907 660 esse;
927 592 965 648 ad
977 591 1107 654 officium

231 691 398 766 pertinere;
417 691 491 748 terre
518 690 600 758 illud,
624 707 711 765 aegre
734 692 810 764 quod
834 689 993 748 acciderit:
1024 691 1106 752 'I'um

231 790 358 865 denique
378 789 502 849 efficitur
515 789 566 847 illa
588 788 686 864 gravis
706 788 896 864 aegritudinis
916 790 1103 863 perturbatio.

231 907 270 950 ex
293 890 349 950 bac
370 890 510 964 opinione
533 893 601 948 runt
622 888 674 948 illa
688 887 780 958 varia,
793 894 824 947 et
846 887 1033 947 detestabilia
1055 907 1104 966 ge·

230 1006 302 1048 nera
315 989 444 1064 lugendi,
459 989 607 1063 paedores,
622 987 776 1046 muliebres
801 989 995 1046 lacerationes
1015 1005 1103 1064 gena·

228 1105 301 1158 rum,
316 1084 451 1162 pectoris,
474 1088 625 1156 seminum,
638 1085 744 1160 capitis
769 1087 980 1160 percussiones.
1021 1088 1102 1148 uino
1165 1123 1169 1131 ·

228 1187 280 1247 ille
295 1190 480 1264 Agamemno
494 1187 677 1254 Homericus,
691 1191 723 1244 et
741 1185 820 1244 idem
832 1188 994 1258 Accianus,

377 1342 482 1391 scindens
497 1341 575 1390 dolore
589 1339 712 1389 identidem
728 1339 841 1388 intonsam
855 1353 950 1388 comem.
1048 1380 1055 1404 p

228 1485 266 1548 ln
289 1501 347 1559 quo
368 1483 496 1542 laentum
519 1483 591 1542 illud
617 1481 731 1551 Bionis,
755 1482 876 1558 perinde
898 1480 1099 1546 stultissimum

226 1601 326 1660 regem
339 1584 371 1643 in
385 1585 465 1642 luctu
479 1584 617 1658 capillum
631 1582 688 1640 sibi
711 1585 850 1650 evellere,
873 1583 956 1658 quasi
974 1584 1098 1645 calvum

225 1701 340 1744 moeror
353 1687 515 1766 levaretur.
549 1685 608 1742 Sed
623 1684 697 1741 baec
718 1682 818 1740 omnia
842 1682 963 1752 iaciunt,
976 1683 1097 1757 opinan-

225 1787 271 1842 tes
285 1783 326 1840 ita
340 1783 403 1842 lieri
415 1789 558 1858 oportere.
600 1784 703 1857 ltaque
724 1787 756 1839 et
781 1779 970 1840 'Aeschines
983 1782 1015 1840 in
1037 1784 1097 1840 De-

225 1884 409 1942 mosthenem
423 1883 580 1954 invehitur,
594 1883 670 1956 quod
688 1881 714 1939 is
727 1879 852 1955 septimo
865 1880 914 1938 die
939 1885 1004 1955 post
1017 1882 1095 1940 filiae

225 1985 348 2040 mortem
376 1981 484 2038 hostiae
510 1981 697 2039 immolasset
748 1982 791 2040 At
816 1998 902 2055 quam
926 1978 1096 2041 rhetorice?

126 2154 128 2158 y
225 2095 312 2156 quam
324 2077 466 2153 copiose?
485 2097 555 2155 quas
576 2079 737 2137 sententias
761 2071 896 2156 colligit?
916 2097 990 2156 quae
1005 2082 1095 2140 verba

224 2176 421 2255 contorquet?
443 2185 473 2236 ut
488 2180 576 2237 licere
589 2178 706 2254 quidvis
720 2180 827 2236 rhetori
842 2180 999 2255 intelligar.
1019 2198 1094 2255 quae

223 2295 312 2338 nemo
327 2280 469 2352 probaret,
483 2279 539 2336 nisi
561 2279 680 2336 insitum
700 2278 772 2338 illud
794 2279 825 2337 in
845 2279 949 2336 animis
974 2279 1093 2337 habere·

222 2395 296 2445 mur,
309 2395 411 2436 omnes
425 2379 515 2437 bonos
529 2377 648 2436 interitu
672 2395 786 2436 suorum
808 2395 894 2454 quam
919 2376 1092 2452 gravissimo

162 2493 167 2496 ·
221 2493 352 2538 moerere
365 2484 506 2551 oportere.
527 2497 566 2536 ex
590 2479 646 2537 hoc
661 2479 773 2547 evenit,
786 2483 818 2536 ut
837 2478 868 2544 in
882 2479 974 2536 animi
987 2479 1093 2538 dolori·

209 2579 275 2636 -bus
288 2577 339 2637 alii
351 2578 523 2638 solitudines
537 2583 667 2654 captent,
677 2583 709 2637 ut
722 2579 765 2636 ait
784 2579 927 2638 Homerus
941 2581 979 2639 de
993 2580 1090 2640 Belle·

220 2680 374 2756 ropbonte,

367 2833 413 2888 uui
422 2833 487 2882 miser
496 2833 519 2881 in
529 2833 612 2898 campis
620 2847 721 2882 moerent
730 2833 820 2882 errabat
831 2832 901 2892 Aleis,

368 2915 417 2976 lpse
427 2928 489 2962 suurn
497 2929 536 2961 cor
544 2915 620 2974 mene,
630 2914 743 2962 hominnm
754 2913 849 2974 vestigia
859 2914 939 2962 vitam.

134 3123 142 3144 ⁸
218 3061 250 3115 et
263 3055 361 3114 Nioba
375 3053 492 3128 fingitur
505 3055 630 3128 lapidea,
644 3058 760 3128 propter
773 3058 931 3122 aeternum,
944 3055 1042 3123 credo,
1055 3053 1088 3140 ?¹¹

217 3159 298 3216 luctu
332 3156 489 3212 silentium.
532 3153 684 3210 Hecubam
712 3156 809 3208 autem
833 3161 945 3226 putant,
971 3158 1088 3226 propter

131 3259 133 3266 “
217 3255 308 3314 animi
322 3254 514 3314 acerbitatem
537 3254 692 3328 quandam,
705 3258 736 3310 et
760 3251 880 3318 rabiem,
895 3251 964 3324 tingi
988 3251 1020 3308 in
1040 3268 1086 3309 ca·

217 3373 286 3414 nem
299 3374 364 3413 esne
384 3370 567 3414 conversam.
582 3357 650 3408 sunt
668 3356 765 3409 antem
784 3350 845 3420 alii,
858 3367 929 3426 quos
953 3349 984 3406 in
1006 3352 1086 3408 luctu

216 3516 293 3578 itaque
305 3517 401 3564 delenda
420 3515 517 3571 videtur,
526 3518 572 3571 ant,
584 3520 608 3563 ut
625 3514 727 3576 Bentlejo
737 3514 809 3563 visum
824 3517 867 3572 est,
877 3512 1031 3574 corrigendum
1042 3527 1085 3562 onr-

214 3577 278 3634 nino,
288 3577 346 3637 quod
355 3577 411 3623 bene
421 3576 538 3636 opponitur
546 3594 579 3644 op
595 3577 680 3636 leniter.

244 3661 257 3696 ⁷
271 3661 348 3710 Aeecb.
358 3661 386 3711 r'rt
395 3661 429 3710 D.
440 3661 564 3727 inutiliter]
579 3664 602 3712 in
610 3665 651 3716 Or.
662 3679 680 3713 c.
691 3663 794 3727 ctesiph.
806 3681 829 3728 p.
840 3665 891 3716 llo.

1250 3720 1256 3919 s
