2552 4208
302 79 322 112 O

256 304 318 368 ma
518 295 652 346 TUSCUL·
670 294 916 352 ouanaatonutt

224 457 227 466 ’
252 445 407 508 libidinem
429 443 563 514 dicimus,
586 445 790 520 impotentiam
814 445 959 522 quandam
981 443 1082 515 animi,
1106 462 1125 505 a

253 545 446 617 temperantia
465 551 494 604 et
522 547 720 606 moderatione
745 545 899 620 plurimum
922 545 1123 604 ffissidentem.

254 643 338 717 Quae
352 645 377 702 si
390 647 506 720 quaudo
519 647 624 719 adepta
643 651 688 702 est
708 645 747 712 id,
767 643 789 676 ⁶¹
801 647 877 721 quod
891 645 921 702 ei
941 645 1034 702 luerat
1056 661 1126 704 oon·

253 743 392 817 cupitum,
443 751 503 803 tum
516 744 571 802 lert
585 743 778 812 alacritatem,
797 742 860 802 ⁵‘ut
873 743 947 802 nihil
969 761 1033 802 esse
1056 761 1125 804 aon·

252 848 321 912 stet,
341 844 416 918 quod
430 849 513 920 agat:
541 849 572 902 ut
585 844 646 914 itte,
668 844 718 919 qui
733 845 914 917 voluptatem
935 841 1026 901 animi
1041 842 1125 902 nimi·

252 959 311 1010 am,
325 961 467 1002 summum
488 961 553 1001 esee
577 961 703 1002 errorem
729 942 891 1000 arbitretur.
916 959 1016 1000 eorum
1036 941 1125 1016 igitur

202 1043 393 1104 limalorum
421 1043 451 1102 in
473 1061 531 1102 una
552 1043 661 1100 virtute
689 1041 783 1116 posita
807 1041 922 1100 sanatio
949 1046 1004 1099 eat.
1046 1041 1124 1116 Quid

252 1150 350 1202 autem
365 1148 483 1201 estnon
497 1142 629 1200 miserius
649 1143 752 1208 solum,
766 1143 817 1198 aad
840 1139 952 1198 foedius
978 1139 1079 1210 etiam,
1093 1144 1125 1198 et

251 1241 418 1308 deformius,
436 1239 549 1316 ”qnam
563 1239 746 1314 aegritudine
759 1239 822 1314 quis
841 1239 976 1308 afflictus,
990 1239 1124 1298 debitita-

253 1344 308 1406 tus,
314 1341 419 1414 jacens
431 1337 443 1397 l
483 1339 540 1396 (lui
552 1337 686 1396 miseriae
697 1338 845 1411 proximus
853 1342 897 1395 est
912 1337 948 1407 is,
960 1337 1011 1413 qui
1023 1354 1126 1412 oppro-

252 1439 396 1514 pinquans
409 1438 526 1513 aliquod
541 1440 647 1496 matum
668 1438 780 1504 metuit,
794 1438 1035 1513 exanimatusque
1056 1457 1125 1512 pen·

250 1539 302 1600 det
315 1539 416 1598 animi.
431 1555 517 1613 quam
540 1537 601 1597 vim
622 1536 691 1596 mati
712 1536 912 1612 significantes
933 1535 1049 1610 politae,
1071 1537 1124 1596 im-

250 1640 379 1714 pendere
405 1639 482 1712 apud
509 1637 616 1696 interos
637 1655 740 1695 saxum
774 1637 907 1694 Tantalo
934 1635 1055 1705 iaciunt,
1084 1637 1124 1696 ob

250 1741 363 1796 scelera
376 1737 523 1812 animique
537 1737 740 1810 impotentiam
765 1740 795 1790 et
817 1735 1125 1822 superbiloquentiam,

252 1854 288 1896 ea
298 1835 459 1896 communis
474 1851 568 1909 poena
582 1833 724 1892 stultitiae
737 1837 793 1890 est.
803 1832 937 1892 omuibus
951 1835 1040 1904 enim,
1054 1851 1123 1910 quo-

250 1951 314 2014 turp
338 1952 420 1992 mens
438 1934 613 1992 abhorrete
640 1931 763 1999 ratione,
786 1949 901 2006 semper
927 1934 1032 2007 aliquis
1055 1934 1124 1994 telis

250 2037 342 2092 terror
372 2032 531 2104 impendet.
575 2034 672 2104 Atque
689 2021 728 2089 ‘nt
759 2031 815 2088 hae
849 2030 985 2090 tabificae
1014 2034 1122 2094 mentis

251 2131 482 2206 perturbationes
495 2135 570 2196 aunt,
585 2129 797 2204 aegritudinem
806 2130 874 2189 dico
888 2137 917 2189 et
932 2139 1058 2192 metum:
1078 2133 1123 2192 sic

251 2231 402 2290 hilariores
416 2230 495 2297 ittae,
515 2228 668 2302 cupiditas,
682 2229 770 2288 avide
784 2248 899 2303 semper
909 2232 1018 2306 aliquid
1033 2251 1123 2306 expe·

253 2335 327 2396 tens,
341 2335 371 2386 et
385 2329 481 2386 inanis
495 2327 640 2397 alacritas,
657 2327 689 2386 iu
703 2334 757 2398 est,
772 2330 885 2387 laetitia
899 2332 1040 2404 gestiens,
1062 2351 1123 2391 non

250 2433 373 2490 muttum
394 2432 528 2488 differunt
552 2432 589 2487 ab
610 2429 748 2489 amentia.
788 2429 835 2488 Ex
860 2447 917 2505 quo
941 2431 1123 2506 intelligitur,

250 2529 343 2606 qualia
356 2531 407 2588 ille
418 2531 465 2598 sit,
479 2549 564 2607 quem
579 2536 638 2590 tum
653 2531 841 2590 moderatum.
856 2529 930 2586 alias
951 2533 1123 2600 modestum,

251 2635 471 2702 temperantem,
492 2631 566 2709 aliae
584 2636 768 2687 constantem
796 2629 1056 2704 continentemque
1080 2629 1123 2686 di·

250 2730 351 2790 eimus.
367 2747 581 2804 nonnumquam
598 2729 671 2786 haec
686 2731 789 2786 eadem
808 2731 952 2786 vocabula
971 2732 1008 2787 ad
1029 2730 1122 2804 truga-

249 2826 342 2888 litatis
365 2847 480 2896 nomen,
502 2833 648 2902 tamquam
668 2829 705 2884 ad
727 2833 825 2901 caput,
850 2828 954 2887 reterre
976 2832 1121 2887 volumus.

248 2930 326 3004 quod
341 2927 397 2985 nisi
408 2928 572 2986 eonomine
584 2927 707 2984 virtutes
721 2928 950 2998 continerentur,
965 2945 1122 3004 numquam

248 3027 292 3086 ita
305 3045 357 3102 per
376 3027 449 3084 illud
464 3028 613 3099 vulgatum
625 3029 711 3094 esset,
731 3033 762 3083 ut
776 3025 841 3100 jam
855 3029 1002 3102 proverbii
1023 3031 1120 3084 locum

248 3201 302 3309 m:
316 3167 374 3274 ,oa
390 3201 496 3260 arserat
511 3200 671 3262 meantum]
702 3202 838 3262 rasuera
852 3165 1122 3258 alemanniamque
1135 3241 1138 3247 s

316 3279 331 3309 r.

278 3277 419 3398 ”plorasset
427 3341 582 3403 rumorem]
613 3340 736 3389 [ambiam
745 3341 888 3400 eornfertnr
897 3337 1019 3386 nummu.

277 3419 301 3454 ⁸⁴
314 3424 340 3466 ut
349 3421 556 3478 enitescerent]
575 3435 618 3468 este
628 3420 748 3467 delendum
759 3426 799 3466 est.
831 3417 946 3476 Bentlejus
961 3416 1051 3476 corrigit
1060 3415 1088 3464 ei.

279 3499 301 3532 ⁵⁵
314 3515 379 3558 mom
388 3500 530 3558 aegritudine
539 3501 587 3560 quis
601 3501 703 3571 qfflictur]
720 3500 773 3606 ‘ima
783 3505 836 3546 ante
845 3506 895 3545 sunt
910 3497 1070 3558 aegritudines,
1080 3501 1120 3560 lli·

238 3557 296 3634 'tm
305 3557 423 3619 legendnm
438 3573 493 3623 esse,
503 3574 570 3624 pum
585 3560 727 3622 orgritndms
742 3572 769 3608 ns
786 3557 822 3606 tir
839 3559 942 3622 ψειεν.
