2538 4188
416 367 419 376 ’
476 365 575 422 traua
591 369 741 422 ruarrbs.
975 377 1039 440 437

169 529 269 584 oruata
282 527 337 582 est.
379 523 457 596 Quid
475 525 560 599 hujus
583 526 714 599 Absyrto
734 521 823 594 bairi
836 521 886 602 qui
904 526 950 581 est
964 525 1041 598 apud

20 681 21 694 ,
71 651 78 664 *
169 609 333 684 Pacuvium
360 623 543 699 Aegialeus?
587 626 639 681 sed
667 625 738 682 illud
766 641 872 682 nomen
907 628 1040 684 veterum

168 725 275 782 litteris
296 723 437 782 usitatius.
480 724 539 796 Qui
563 723 590 781 si
610 723 654 781 dii
675 741 733 782 nea
755 729 833 791 sunl,
851 739 955 781 vereor
970 723 1040 798 quid

170 831 238 898 agal
253 825 316 881 luo.
332 825 405 881 haee
417 823 499 882 enim
511 823 611 882 omnia
625 842 662 882 ex
677 826 781 882 mem
794 823 875 881 toute
885 823 1039 882 duxerunt.

170 924 221 982 An
251 923 455 997 Ampbimaus,
479 923 636 992 deriserit,
660 929 691 982 et
717 920 928 996 Trophonius?
948 922 1040 980 nostri

168 1023 284 1099 quidem
309 1023 467 1096 publicani,
487 1040 554 1081 oum
575 1029 675 1081 essent
697 1022 759 1098 agri
777 1021 809 1080 in
835 1021 959 1080 Boeotia
972 1023 1040 1080 deo·
1157 1059 1158 1064 κ

145 1115 230 1183 'rum
254 1123 460 1184 immortalium
486 1123 608 1198 excepti
635 1127 700 1198 lege
725 1121 868 1188 censoria,
892 1122 1040 1196 negabant

168 1225 346 1284 immortales
373 1243 438 1282 esse
466 1227 551 1293 ullos,
570 1223 620 1299 qui
643 1223 800 1298 aliquando
820 1222 952 1280 homines
972 1221 1039 1280 luis·

168 1329 243 1384 seut.
287 1325 346 1383 Sed
359 1325 386 1382 si
410 1311 478 1382 sunt
491 1325 523 1381 bi
544 1323 603 1394 dii;
638 1321 659 1356 ω
674 1327 717 1380 est
740 1327 821 1380 nerle
845 1321 1038 1390 Erechtheus,

46 1421 51 1434 '
165 1405 250 1499 eujus
274 1423 402 1484 Athenis
421 1429 453 1480 et
472 1415 622 1482 delubrum
637 1421 772 1488 vidimus,
796 1427 827 1478 et
846 1423 1038 1480 sacerdotem.

161 1525 265 1598 ‘Quem
285 1524 315 1582 si'
331 1526 418 1582 deum
440 1523 571 1604 lauimus,
585 1521 653 1598 quid
666 1524 774 1580 auide
788 1522 886 1580 Codro
905 1521 1038 1578 dubitare

166 1641 327 1697 possumus,
341 1629 391 1680 aut
404 1624 442 1682 de
456 1621 571 1689 ueteris,
595 1621 644 1696 qui
669 1627 830 1694 pugnantes
852 1637 903 1694 pro
913 1620 915 1622 ’
927 1620 1038 1692 patriae

166 1724 302 1781 libertale
316 1719 509 1780 oeciderunt?
532 1723 607 1796 quod
622 1722 647 1779 si
669 1720 818 1794 probabile
842 1725 978 1778 nonest:
998 1736 1037 1776 ne

166 1822 220 1879 illa
243 1822 361 1896 quidem
375 1822 530 1895 superiora,
545 1823 622 1878 unde
647 1822 720 1877 haee
745 1825 874 1886 manant,
888 1820 1037 1892 probanda
1132 1838 1140 1853 ·

166 1925 245 1978 arant.
260 1919 292 1986 ,⁶¹
306 1921 398 1996 Atqui
408 1921 439 1979 ib
452 1909 595 1995 plerisque
606 1908 775 1978 civilatibus
790 1917 915 1993 intelligi
929 1924 1038 1993 potest,

165 2021 318 2096 augendae
331 2019 444 2078 virtutis
455 2021 557 2095 gralia,
569 2039 625 2096 quo
638 2021 776 2078 libentius
784 2019 962 2094 reipublicae
970 2037 1040 2078 eau-

83 2141 85 2147 ·
165 2137 199 2178 sa
214 2120 374 2194 perieulum
383 2121 475 2180 adiret
484 2121 608 2194 optimus
629 2121 758 2197 quisque,
772 2121 900 2182 virorum
919 2120 1037 2178 tortium

165 2221 336 2276 memoriam
350 2222 458 2277 bonore
473 2223 590 2278 deorum
606 2221 811 2279 immortalium
821 2224 1035 2297 consecratam.

164 2321 294 2384 obeam
326 2319 405 2374 enim
428 2320 524 2390 ipsam
547 2337 665 2376 oausam
690 2319 871 2378 Erechtheus
897 2303 1034 2387 Athenis,

164 2417 302 2489 tiliaeque
333 2415 395 2488 ejus
428 2415 459 2472 in
486 2431 605 2472 numero
639 2418 758 2474 deorum
785 2425 861 2475 sunt.
902 2420 1034 2493 Itemque

167 2513 363 2574 Leonaticum
372 2515 575 2573 ealdelubrum
585 2513 720 2582 Albanis,
731 2517 807 2590 quod
816 2515 1035 2573 Leooorionno·
1129 2581 1132 2600 ,

166 2614 303 2673 minatur.
339 2601 562 2672 Alabandenses
576 2614 692 2688 quidem
706 2613 835 2672 sanctius
849 2615 1035 2673 Alabandum

134 2760 138 2769 .
167 2710 308 2780 uolunta
321 2718 437 2787 quaest
451 2714 515 2770 urbs
537 2713 588 2770 illa
607 2714 735 2782 condita,
755 2729 841 2788 quam
863 2726 1034 2790 quamquam

166 2811 309 2872 nobilium
323 2814 460 2870 deorum:
482 2813 557 2886 apud
579 2831 650 2886 quoa
674 2830 733 2872 non
756 2813 898 2882 inurbane
925 2815 1035 2872 Strato·

165 2912 263 2980 nicus,
278 2917 308 2970 ul
323 2913 423 2978 mulla,
436 2927 503 2970 oum
516 2911 631 2986 quidam
646 2911 674 2969 ei
688 2914 835 2981 molestus,
850 2913 1035 2972 Alabandum
1141 2905 1146 2918 ¹

168 3011 255 3068 deum
283 3027 346 3068 esse
373 3011 565 3078 confirmaret,
589 3013 748 3070 Herculem
773 3016 912 3085 negaret:
946 3011 1035 3086 Ergo,

167 3107 272 3183 inquit,
287 3109 359 3169 mihi
376 3109 554 3177 Alabandus,
567 3110 622 3168 tibi
638 3111 779 3178 Hereules
791 3109 830 3166 sil
844 3110 943 3168 iratus.
977 3110 1034 3166 Illa
1045 3103 1088 3164 ‘20

167 3211 274 3273 autem,
285 3187 387 3276 Balbe,
401 3225 474 3284 quae
486 3213 515 3266 tu
530 3225 548 3265 a
561 3210 645 3267 coelo
654 3209 793 3284 astrisque
801 3210 937 3276 dueebas,
946 3197 1034 3282 'cluam

166 3306 256 3380 longe
277 3312 403 3380 serpant,
422 3323 486 3368 ,non
514 3307 612 3376 vides:
635 3309 744 3374 Solem,
767 3307 854 3364 deum
877 3325 950 3375 esse,
977 3307 1034 3366 Lu·

169 3421 305 3482 namque,
321 3421 440 3480 quorum
454 3409 576 3466 alterum
592 3406 761 3482 Apollinem
774 3405 893 3476 Graeci,
911 3408 1033 3466 alteram

198 3559 221 3592 ⁶⁰
238 3565 268 3610 eut
278 3565 334 3608 rests
343 3559 477 3622 Eudamus]
496 3575 525 3608 an
535 3559 660 3606 addendum
670 3563 698 3616 st,
708 3563 740 3606 sst
747 3563 834 3608 remeat
843 3559 952 3608 uratur

197 3637 220 3671 ⁶¹
229 3639 317 3701 Λιμῷ]
343 3639 382 3687 dic
392 3639 451 3690 Mas.
463 3639 524 3702 apud
534 3637 649 3687 Davislun
659 3638 716 3688 bane
729 3639 960 3702 provolutosque

20 3787 21 3836 1
211 3736 283 3778 rou.
303 3737 356 3779 xv.
593 3717 660 3777 37*
