2552 4208
203 303 266 368 m
435 291 570 346 euacua
586 291 830 350 ooamnoramr

198 447 277 506 idem
291 440 414 523 alicuju!
428 445 517 505 etiam
528 439 673 506 'reeundie
686 449 778 504 nolet:
800 451 831 505 ut
846 444 1071 520 Theophnrtur

198 547 349 606 interitum
376 548 529 621 deplorans
551 547 742 605 Callisthenis
768 547 877 604 rodelie
903 545 958 615 rui,
985 549 1072 606 rebar

200 645 366 706 Alexandri
387 645 530 720 prosperis
544 647 677 721 angitur:
698 647 796 720 itaque
816 645 889 704 dloit
913 646 1071 706 Callisthe-

198 761 268 804 nem
282 745 420 804 incidisse
441 745 635 804 inhominem
653 763 764 804 summe
786 747 928 818 potentie,
942 739 1072 805 'rumma-

197 862 254 920 que
277 844 400 912 lortrma,
414 845 465 902 red
492 845 635 919 ignarum,
658 846 898 919 quemadmodum
922 847 1007 904 rebua
1026 861 1071 902 ee·

197 941 302 1002 cundia
321 942 365 1000 uti
384 941 567 1000 conveniret.
609 942 702 1016 Atqui
724 943 965 1016 quemadmodum
986 941 1071 1000 mire·

195 1041 330 1109 rieordie,
354 1040 505 1115 aegritudo
534 1047 638 1098 estex
662 1042 781 1098 alteriue
804 1042 888 1098 rebar
915 1041 1069 1098 adversis:
1183 1086 1190 1092 ,

196 1140 240 1200 rie
254 1139 430 1209 invidentia,
444 1140 596 1214 aegritudo
617 1145 662 1196 ert
675 1157 713 1197 ex
735 1140 854 1196 alteriue
868 1141 952 1196 rebua
966 1155 1070 1198 eeoua·

196 1240 251 1300 dis.
292 1241 329 1298 ln
342 1255 427 1313 quem
441 1241 529 1314 igitur
548 1237 626 1296 eadit
641 1237 780 1307 misereri,
794 1238 825 1296 in
840 1239 964 1296 eundem
978 1238 1070 1296 etiam

196 1339 340 1397 invidere.
365 1356 424 1398 non
449 1338 530 1398 eadit
553 1342 650 1395 autem
664 1336 811 1416 'invidere
831 1337 863 1396 in
884 1337 1070 1410 eapientem:

188 1457 267 1512 ergo
280 1457 318 1496 oe
342 1437 472 1496 misereri
485 1437 611 1511 quidem.
631 1434 735 1512 ”quod
749 1435 774 1494 ri
789 1453 876 1511 aegre
896 1436 970 1524 l'erre
992 1433 1068 1509 eapi-

197 1555 249 1596 ena
263 1539 379 1606 soleret,
400 1535 531 1596 misereri
544 1535 634 1594 etiem
651 1537 769 1596 roleret.
783 1537 866 1595 abeat
878 1553 948 1612 ergo
961 1553 980 1594 a
993 1533 1069 1611 rapi

197 1643 265 1696 ente
279 1637 438 1714 aegritudo.

235 1738 320 1796 Haeo
340 1730 384 1795 rie'
397 1736 534 1795 dieantur
546 1752 565 1794 a
584 1734 703 1816 Stoicis,
717 1735 985 1811 concludunturque
998 1751 1068 1794 con·

195 1836 306 1896 tortior.
321 1837 373 1894 aed
388 1836 475 1894 latiae
488 1836 638 1911 aliquanto
648 1836 773 1894 diueuda
785 1842 862 1903 runt,
873 1840 903 1892 et
915 1834 1067 1894 diffusior:

196 1935 350 1994 tententiie
373 1941 471 1992 tamen
491 1935 630 1992 utendum
649 1932 668 1966 ‘¹
680 1951 779 1993 eorum
800 1934 990 2010 potissimum,
1016 1931 1068 2010 qui

196 2035 323 2093 maxime
338 2017 413 2100 lorti,
427 2038 467 2099 et,
481 2037 512 2089 ut
526 2032 567 2089 ita
580 2033 687 2098 dicam,
710 2033 789 2089 vlrlll
813 2035 930 2088 utuntur
943 2034 1067 2099 ratione,

109 2185 110 2188 ,
196 2138 282 2208 etque
302 2131 459 2190 sententia.
484 2147 552 2188 nam
575 2130 775 2204 Peripatetici,
788 2129 944 2188 lamilieree
965 2129 1068 2200 noetri,

196 2232 298 2308 quibua
312 2230 385 2290 nihil
400 2235 445 2287 eet
460 2230 584 2296 uberius,
599 2230 672 2288 nilril
686 2228 837 2297 eruditius,
850 2229 924 2288 nihil
938 2231 1067 2306 gravior,

196 2330 413 2389 mediocritater
428 2331 475 2386 vel
492 2330 748 2402 perturbationum,
763 2332 812 2387 vel
828 2332 990 2390 morborum
1004 2329 1066 2413 ani

196 2429 246 2494 mi,
258 2429 328 2486 milri
340 2446 402 2486 non
415 2446 486 2486 aene
499 2430 629 2502 probant.
644 2447 731 2486 omne
745 2428 825 2486 enim
844 2431 960 2494 malum,
974 2429 1065 2490 etiam

195 2529 351 2596 medioere,
362 2545 497 2604 magnum
516 2535 570 2586 eat.
586 2538 638 2586 not
653 2528 791 2586 autemid
805 2527 925 2604 agimur,
940 2533 971 2585 ut
985 2528 1014 2584 id
1031 2527 1064 2586 iu

193 2628 325 2704 rapiente
341 2629 450 2688 nullum
464 2627 502 2684 eit
516 2627 644 2686 omnino.
660 2645 727 2684 nam
748 2631 780 2686 ut
800 2645 912 2701 corpur,
936 2627 1024 2685 etiam
1037 2625 1065 2684 ri

192 2728 378 2790 mediocriter
391 2744 509 2801 aegram
523 2731 577 2794 eat,
588 2743 691 2784 aeuum
706 2743 763 2784 non
779 2733 843 2784 eat:
866 2728 908 2784 aie
919 2726 950 2784 in
965 2727 1065 2784 animo

192 2828 248 2889 iate
282 2826 478 2895 mediocriter,
505 2832 586 2884 caret
616 2827 753 2886 uanitate.
784 2827 882 2902 itaque
915 2827 1066 2901 praeclare

192 2929 293 2995 nostri,
320 2925 386 2983 ⁴²ut
402 2926 470 2988 ,alid
498 2929 597 2992 mulla,
625 2926 797 2992 molestiam,
825 2925 1064 2994 sollicitudiuem,

193 3043 341 3103 angorem,
355 3028 471 3099 propter
489 3023 709 3084 similitudinem
732 3043 883 3098 corporum
904 3040 1065 3100 aegrorum,

223 3181 245 3216 ⁴⁰
259 3181 316 3242 qued
326 3179 392 3228 riter
401 3193 467 3238 aegre
476 3176 554 3238 serre]
570 3176 644 3223 delevi
654 3192 702 3226 eura
722 3178 815 3226 Daviaio
823 3180 869 3235 tec,
878 3180 937 3241 quod
948 3178 1063 3226 manifeste

193 3238 297 3312 vitiorum
307 3247 347 3290 ert.
359 3255 410 3288 uam
420 3245 455 3288 ert
469 3251 542 3285 rermo
551 3236 581 3282 de
595 3251 684 3296 genere.
695 3239 802 3302 abeatque
813 3255 827 3286 a
837 3239 893 3288 Mra.
906 3238 992 3287 duobru
1011 3239 1065 3287 ele·
1122 3303 1124 3308 ,

193 3313 275 3348 manui.

224 3378 243 3410 ⁴¹
259 3393 335 3426 errarm
351 3377 399 3438 qur]
416 3391 492 3423 rorum
511 3376 551 3424 iot.
563 3377 705 3424 Stoicorum:
723 3391 816 3438 eamque
825 3378 855 3424 ob
864 3393 952 3424 caueam
972 3374 1063 3439 proqui

193 3434 310 3494 legendum
329 3437 431 3504 videatur
440 3435 492 3504 quta
503 3441 526 3480 ut
537 3437 607 3504 edidit
625 3435 726 3484 Davisius
745 3439 783 3484 aed
800 3451 844 3484 nun
854 3447 888 3484 eat
898 3438 1045 3486 numerarium
1056 3452 1063 3480 ι

193 3509 244 3544 nam
254 3496 294 3554 qui
304 3499 377 3555 potest
384 3508 454 3554 accipi
465 3507 564 3554 proqurn
574 3495 599 3542 il.

220 3572 244 3610 ⁰
257 3579 284 3624 ot
292 3573 339 3621 alio
348 3572 429 3634 muln]
444 3572 583 3624 referendum
599 3583 633 3626 ert
642 3575 671 3623 ad
687 3577 822 3637 praecedeor
828 3576 948 3634 promere.
