2558 4198
250 356 314 420 ως)
485 347 530 398 uu
548 347 689 397 struas
704 344 850 398 nunaunt

248 501 325 561 stieo
345 517 364 558 a
389 497 425 572 Q.
447 497 583 558 Maximo
604 496 781 556 dedicatum.
823 493 903 568 Quid
926 494 1028 570 Opis?
1054 496 1126 572 quill
1223 565 1226 572 Δ

248 597 381 658 Salutis?
412 599 481 674 quid
501 595 711 657 Concordiae?
731 595 915 657 Libertatis?
948 595 1126 656 Victoriae?

248 715 366 775 quarum
391 699 521 756 omnium
535 715 629 755 renim
643 697 712 773 quia
736 696 785 754 vis
808 701 871 754 erat
890 701 982 765 tanta,
1006 694 1039 754 u't
1059 697 1125 756 sine

188 850 194 858 .
246 799 304 856 aleo
319 799 450 873 reginen
470 804 578 872 posset,
596 797 661 871 ipsa
672 813 717 853 res
730 796 850 854 (laurum
864 813 972 854 nomeu
985 795 1122 854 obtinuit.

248 899 315 972 Qun
335 917 373 955 ex
392 915 501 974 genere
522 896 678 969 Cupidinis
700 901 731 953 et
751 895 930 970 Voluptatis,
954 901 985 953 et
1006 897 1123 954 Luben-

245 998 329 1057 tinae
350 997 478 1058 Veneris
502 999 648 1054 voeabula
667 1002 840 1054 consecrata
860 1002 937 1063 suut,
952 995 1124 1054 vitiosarum

246 1115 352 1165 rerum,
366 1115 461 1172 neque
476 1096 666 1155 naturalium
701 1111 874 1171 quemquam
888 1094 1023 1168 Vellejns
1038 1096 1124 1154 aliter

246 1196 413 1254 existimat:
447 1198 500 1254 sert
522 1201 621 1254 tamen
643 1213 680 1254 ea
699 1195 764 1268 ipse
784 1195 859 1252 vitia
879 1200 1012 1252 naturam
1036 1195 1126 1252 vehe-

246 1294 376 1354 mentius
399 1313 487 1368 saepe
508 1297 635 1369 pulsant.
685 1294 855 1352 Utilitatum
875 1294 965 1366 igitur
983 1293 1127 1369 magnitu-

246 1393 317 1452 dine
343 1395 497 1453 euertituti
524 1400 593 1451 sunt
619 1393 643 1451 ii
665 1394 718 1460 ult,
745 1394 794 1468 qui
825 1393 969 1451 utilitates
995 1410 1127 1469 quasque

246 1493 416 1570 gignebant.
473 1495 573 1567 Atque
607 1492 652 1550 his
686 1493 803 1567 quidem
837 1491 1014 1560 numinibus,
1048 1509 1123 1566 quae

245 1595 346 1666 paullo
364 1599 432 1650 ante
447 1591 527 1650 (liuta
550 1596 619 1650 suut
633 1609 651 1648 a
664 1610 721 1659 me,
742 1596 816 1666 quae
843 1592 890 1648 vis
903 1592 951 1658 sit,
965 1591 996 1648 in
1011 1609 1124 1666 quuque

193 1689 411 1752 annectantur
423 1693 490 1749 deo.
533 1691 671 1764 Suscepit
684 1695 783 1748 autern
799 1691 860 1748 vitu
879 1690 1041 1758 homiuum,
1054 1695 1125 1750 enu'·

245 1794 425 1865 suetuduque
438 1792 611 1858 eommunis,
624 1795 657 1849 ut
678 1790 829 1848 benefieiis
844 1792 1029 1847 excellentes
1045 1789 1124 1847 virus

245 1890 278 1950 ln
292 1892 408 1948 eoelum
428 1891 506 1948 lanta
525 1908 562 1948 au
587 1893 740 1948 voluntate
761 1891 907 1948 tollerent.
950 1889 1030 1946 Hiuu
1051 1889 1125 1948 Ber·

245 1991 338 2056 uules,
366 1989 436 2046 hine
467 1982 595 2058 Castor,
609 1995 639 2047 et
661 1989 778 2058 Pollux,
812 1991 882 2048 trinu
918 1989 1125 2062 Aesculapius,

216 2114 217 2118 ¹
243 2087 315 2148 ulae
330 2088 420 2146 Liber
433 2088 539 2144 etiem:
555 2089 632 2146 huuc
647 2089 715 2146 dieo
726 2090 866 2148 Liberum
878 2090 996 2148 Semele
1011 2094 1124 2158 natum

243 2201 404 2254 peneum,
430 2183 632 2261 quem'nustrl
655 2189 779 2260 majores
802 2194 936 2264 auguste,
962 2192 1122 2262 sancteque

244 2287 385 2347 Liberum
398 2301 465 2344 uum
477 2285 584 2344 Cerere
592 2293 625 2344 et
635 2288 743 2346 Libera
756 2293 1022 2346 consecraverunt:
1044 2287 1121 2361 quud

245 2387 330 2460 quale
345 2385 392 2454 sit,
406 2403 445 2443 ex
460 2385 607 2460 mysteriis
621 2387 748 2462 intelligi
768 2393 874 2462 potest.
916 2387 977 2444 Sed
990 2387 1066 2461 quod
1081 2403 1121 2444 ex

245 2485 330 2544 nobis
345 2490 429 2543 natos
445 2487 550 2562 liberos
569 2490 759 2562 appellamus,
781 2488 893 2546 ideireo
919 2487 1027 2544 Cerere
1050 2485 1122 2554 nati,

136 2568 140 2572 ⁵
245 2584 390 2648 nominati
414 2590 482 2642 sunt
509 2587 608 2655 Liber,
635 2592 666 2644 et
699 2589 826 2646 Libera:
854 2587 931 2661 quod
957 2585 988 2642 in
1016 2585 1125 2643 Libere

246 2691 375 2753 servant,
390 2685 421 2741 in
438 2684 547 2742 Libero
562 2703 619 2743 non
637 2687 717 2743 item.
759 2685 838 2744 Hine
860 2685 950 2742 etiam
972 2685 1122 2753 Romulus

245 2803 332 2860 quem
345 2783 461 2860 quidem
473 2785 598 2842 eundem
612 2803 676 2844 esse
690 2785 844 2858 Quirinum
859 2789 980 2858 putant:
1002 2799 1123 2860 quorum

245 2900 313 2944 cunr
329 2889 512 2942 remanerent
526 2885 628 2950 animi,
642 2889 728 2959 atque
750 2883 924 2941 aeternitate
950 2883 1122 2950 fruerentur,

243 2984 288 3042 uit
308 2983 362 3040 rite
376 2989 444 3042 sunt
457 2982 570 3054 habiti,
591 3001 658 3041 num
672 2974 703 3040 et
717 2983 819 3056 optimi
831 2989 938 3050 essent,
952 2988 983 3039 et
997 2980 1119 3038 aeterni.

287 3081 359 3141 Alia
373 3100 485 3157 quoque
500 3101 539 3140 ex
555 3082 677 3150 ratione,
691 3088 721 3140 et
735 3083 850 3159 quidem
866 3082 1000 3157 physica,
1014 3097 1121 3156 magna

245 3181 331 3242 fiuxit
355 3181 656 3240 multitududeorum:
686 3182 737 3258 qui
758 3181 853 3240 induti
880 3182 978 3256 speeie
993 3181 1121 3238 humans

245 3279 356 3338 tabulas
390 3279 486 3356 pue'tis
525 3280 796 3355 suppeditaverunt,
833 3281 984 3339 huminum
1022 3287 1122 3340 tamen

246 3377 339 3438 vitam
364 3381 571 3456 superstitione
598 3381 680 3440 omni
705 3381 889 3451 referserunt.
944 3383 1044 3457 Atque
1069 3381 1120 3440 hie

246 3536 280 3576 etl
291 3551 399 3597 equatur.
410 3533 537 3598 diciturque
546 3537 615 3584 etiam
625 3538 654 3584 de
663 3540 734 3595 anuis,
750 3538 787 3600 qui
798 3535 844 3583 alin
855 3541 958 3596 respectu
974 3537 1038 3598 pauci
1048 3535 1122 3584 dicau-

245 3599 523 3714 &traquitJWaWW'
538 3607 567 3654 de
577 3607 644 3668 longo
654 3607 763 3668 tempore,
774 3607 803 3702 <le
818 3605 907 3670 seculis,
925 3606 996 3677 instpa
1011 3621 1031 3654 c.
1042 3607 1079 3656 5⁰.
1096 3617 1119 3657 r.
