2552 4208
226 344 286 403 112
463 337 595 388 TUSCUL.
611 339 853 392 auaaaTrouutr

252 483 380 543 voluptates
389 483 508 532 traducant
517 484 623 546 coporis,
634 491 673 533 aut
690 499 749 548 quae
764 492 858 550 pmpter
867 501 945 550 oorpua
960 489 998 535 ael
1015 501 1090 537 recor·

252 561 344 610 datione
354 565 390 610 vel
400 579 438 626 epe
447 565 571 624 cogitentur
580 581 597 612 a
618 569 694 614 17-21.
707 572 783 614 tameo
798 567 820 617 iu
830 567 875 614 irto
885 581 928 614 ooo
945 567 990 614 aiut
1007 569 1092 628 omniu,
1184 586 1193 604 =

252 657 302 688 aum
311 647 388 690 elnon
402 643 542 704 opinaturum
557 651 637 692 uotiua
653 645 792 692 eooaiilerata
807 647 952 706 intelligatur,
968 653 1091 709 propterea

252 723 340 768 tautum
350 737 428 781 magua
438 723 517 780 videri,
527 724 586 785 quod
602 718 686 784 qriuuta
702 724 752 782 rint,
767 725 921 772 aomidrraudi
936 725 1031 786 epatium
1045 739 1090 774 nou

252 801 326 858 detur,
336 805 360 848 el
370 801 432 864 quati
442 803 507 863 culpa
515 807 651 850 contractum
661 817 728 851 omne
738 819 781 850 uon
792 805 902 864 provimm
913 804 996 851 malum
1012 804 1090 850 videa·

250 883 295 928 tur.
313 895 333 929 e.
343 885 379 929 22.
411 881 490 928 Altera
500 896 553 945 para
571 884 670 930 dolorem
689 879 838 931 voluntarium
852 897 908 940 erae,
923 897 966 930 nou
977 883 1091 956 lunatqra

250 973 323 1008 rerum
333 961 382 1022 ipaa
390 961 464 1018 utum,
474 976 502 1008 ex
509 977 538 1008 eo
546 963 691 1020 demonstrat,
702 963 761 1024 quod
768 977 817 1008 mm
824 962 916 1010 aormrit
926 962 1089 1024 adopiaiouem

248 1041 323 1098 magni
339 1040 391 1086 mali
406 1041 479 1088 altera
493 1041 532 1088 illa
548 1042 631 1102 opinio,
648 1043 677 1089 ad
693 1043 786 1090 officium
804 1041 925 1102 pertinere,
941 1056 1008 1100 aegre
1022 1043 1090 1100 ferre,

250 1122 308 1180 quod
318 1119 432 1177 acciderit,
441 1122 586 1168 vehementer
594 1127 702 1180 augeatur
710 1105 855 1180 aegritudioia
865 1121 1012 1182 perturbatio.
1021 1137 1040 1166 e.
1053 1123 1089 1168 m.

249 1213 281 1259 aq.
313 1199 393 1246 Tertia
410 1201 506 1261 denique
525 1201 567 1246 hoe
577 1206 707 1258 argumento
725 1205 828 1247 enatura
837 1215 911 1247 rerum
927 1199 1089 1257 aegritudinem

248 1284 357 1336 removet,
372 1281 431 1339 quod
449 1280 567 1338 aegritudo
576 1279 623 1324 tere
641 1279 723 1326 uoorit
743 1279 901 1326 uiriereeeuti
912 1279 964 1326 mali
974 1279 1090 1338 opinione,
1139 1285 1145 1292 “

249 1371 352 1418 quaeque
367 1358 450 1405 lrabeat
467 1359 580 1419 quandam
590 1357 740 1416 viriditatem
763 1359 822 1406 uude
832 1361 879 1414 liat,
897 1363 922 1404 ut
937 1357 984 1419 ipae
993 1358 1042 1404 dier
1052 1356 1090 1404 vel

249 1435 359 1484 maximae
368 1437 500 1496 aegritudini
511 1437 625 1484 medeatur
635 1453 655 1483 e.
665 1441 701 1486 31.
733 1438 831 1500 Reliqua
840 1437 962 1500 diaputatio
971 1453 991 1484 o.
1002 1440 1039 1484 ³2.
1050 1439 1087 1484 33.

249 1521 350 1563 vereatur
358 1515 381 1562 ia
391 1516 495 1564 remediis
505 1516 648 1576 aegritudinir
656 1516 777 1564 tradendir.

191 1654 380 1745 lQuruaam
400 1697 473 1746 ease,
489 1678 588 1745 Brute,
607 1695 712 1736 oauaae
737 1683 846 1753 putem,
865 1694 925 1746 our,
939 1693 1006 1735 cum
1019 1691 1089 1734 oon·

218 1774 325 1837 alemus
340 1799 378 1837 ex
402 1779 502 1836 animo
516 1783 546 1834 et
569 1779 841 1852 corporacorpora
861 1778 981 1834 curandi
1005 1782 1087 1834 tuen·

217 1879 305 1954 dique
332 1894 420 1935 oauaa
444 1875 599 1951 ¹quaeaita
626 1878 664 1934 ait
690 1895 736 1935 are
763 1878 826 1951 ejua
853 1883 938 1951 atque
965 1876 1086 1944 utilitas,

218 1987 337 2042 deorum
358 1982 562 2040 immortalium
590 1983 758 2041 inventioni
786 1989 972 2041 consecrata:
994 1979 1087 2039 animi

118 2151 120 2154 Α
218 2089 314 2140 autem
335 2081 566 2149 medicinarum
589 2089 648 2141 tom
671 2083 836 2141 desiderata
854 2082 902 2151 ait,
929 2089 1084 2156 antequam

219 2183 350 2250 inventa,
364 2200 420 2240 neo
442 2189 501 2240 tom
524 2184 611 2250 oulta,
625 2188 812 2258 posteaquam
827 2181 947 2255 cognita
961 2171 1085 2248 eet‚‘uee

220 2287 278 2338 tam
293 2283 390 2338 multia
404 2288 483 2355 grata
508 2288 538 2338 et
562 2285 690 2355 probata,
706 2283 833 2356 pluribus
848 2281 936 2337 eliam
951 2277 1086 2352 suspecta

219 2387 249 2438 et
264 2379 383 2439 invisa?
403 2401 440 2439 aa
466 2385 538 2456 quod
554 2382 681 2456 corporis
706 2381 881 2458 gravitatem
905 2385 935 2436 et
956 2379 1085 2436 dolorem

218 2481 317 2538 animo
332 2481 506 2554 juilioamue,
522 2482 612 2539 animi
638 2483 768 2538 morbum
784 2497 904 2552 corpore
919 2495 977 2534 uon
999 2477 1087 2534 senti·

219 2579 302 2640 mua?
322 2581 362 2638 ita
376 2583 417 2648 lit,
431 2585 462 2637 ut
482 2581 594 2638 animus
608 2582 645 2637 de
670 2599 701 2636 se
717 2581 780 2652 ipse
796 2585 855 2636 tum
874 2577 999 2650 judicet,
1019 2589 1086 2633 dum

217 2683 245 2738 id
261 2683 363 2754 ipsum,
378 2700 434 2756 quo
448 2680 606 2752 judicatur,
621 2683 760 2754 aegrotet.
804 2677 889 2750 Quod
903 2677 929 2733 ai
944 2677 1016 2734 talea
1034 2693 1086 2732 noe

217 2790 317 2840 natura
333 2781 489 2856 genuisset,
504 2786 534 2836 ut
550 2798 614 2836 eam
629 2779 721 2852 ipsam
736 2776 854 2843 intueri,
868 2782 897 2833 et
913 2775 1086 2848 perspicere,

216 2881 398 2956 'eademque
411 2879 521 2953 optima
535 2881 611 2938 (lirae
626 2895 740 2936 aureum
757 2875 836 2933 vitae
856 2876 1001 2933 confluere
1024 2892 1086 2948 poa·

217 3000 330 3039 remus:
351 2981 427 3036 haud
443 2985 504 3035 erat
525 2996 605 3045 saue,
620 2979 694 3051 quod
708 2976 859 3051 quisquam
883 2973 1036 3040 rationem,
1049 2989 1085 3032 ao

215 3082 377 3138 doctrinam
388 3079 554 3152 requireret.
569 3075 667 3133 ³nuno
678 3076 813 3148 parvulus
828 3073 909 3132 nobie
919 3075 1000 3131 dedit
1013 3073 1086 3148 igni·

246 3260 254 3290 ¹
270 3257 367 3318 quaesitu
377 3255 405 3303 ait
415 3269 453 3300 ara
469 3254 525 3314 rjus,
541 3258 564 3298 ot
602 3286 605 3294 ,
621 3251 665 3312 ut]
683 3252 724 3297 hoo
735 3265 778 3298 non
794 3250 851 3296 liene
865 3250 941 3296 habet.
968 3249 1086 3297 Manutiua

217 3319 311 3363 correxit
321 3331 366 3372 ura,
376 3317 439 3374 otqm
455 3313 544 3370 ejurat.
583 3311 683 3357 ambinus
698 3325 743 3364 ara,
763 3311 852 3368 eju-apua
866 3311 959 3356 otiliam.
980 3309 1084 3355 Davisius

218 3377 285 3422 varta
295 3389 368 3428 rouro,
379 3379 443 3433 utque
460 3373 509 3431 ejus
526 3372 614 3418 utiliter
625 3370 699 3431 apuria
715 3377 738 3416 et
753 3369 862 3427 ejicienda
872 3374 944 3430 putat.
956 3383 1017 3424 rane,
1028 3368 1047 3414 ri
1058 3381 1086 3414 ea

218 3435 327 3492 abuerit,
338 3433 393 3482 nihil
403 3439 460 3478 earet
469 3432 596 3478 offensionis
611 3431 632 3477 io
644 3431 665 3474 h.
677 3431 692 3476 l.

247 3515 259 3546 ²
273 3515 388 3572 eodemque
396 3511 475 3568 optimo
485 3512 549 3572 dure]
566 3511 646 3568 optimo
656 3509 757 3556 offendit.
768 3524 782 3554 a
797 3509 919 3566 glossatore
929 3507 1018 3553 videtur
1028 3519 1082 3552 erae.

154 3619 160 3627 =
246 3594 335 3639 ‘lauare
343 3592 447 3647 paruulos
463 3619 469 3626 -
485 3618 493 3626 -
508 3590 627 3649 igniculos,
638 3589 698 3650 quor]
721 3587 798 3636 malim
808 3603 860 3647 quoa
875 3601 922 3635 aare
943 3590 994 3648 poet
1012 3598 1082 3634 uuae.

217 3651 379 3714 portatoribus
390 3649 416 3696 M
420 3664 436 3696 a.
448 3649 522 3698 Guell.
533 3651 597 3698 addit
606 3649 716 3696 omnihus.
