2558 4198
238 340 302 404 ttlu
487 329 533 380 ou
552 328 693 380 narona
712 327 857 380 naouurs

238 482 319 542 nulla
331 477 507 556 prudentior.
521 485 552 539 st
572 479 662 554 figura
675 495 749 554 quaa
764 475 896 538 vastiori
936 477 984 538 De
1005 479 1112 540 bestiis

237 584 347 656 loquor.
389 578 491 653 Quid?
519 579 598 638 intor
616 579 695 653 ipsos
709 579 842 638 homiues
862 597 961 640 nouus
975 584 1004 638 st
1019 579 1112 640 simil-

237 681 317 744 limis
331 680 428 738 lormis
442 679 572 753 dispares
597 697 700 748 mores,
719 677 781 736 ”et
802 679 930 738 moribus
951 678 1110 738 simillimis

116 853 119 864 Δ
169 811 172 822 ·
238 779 328 856 ligura
341 779 491 838 dissimilis
506 777 518 838 l
537 779 648 838 etenim
657 779 682 836 si
696 781 798 846 semel,
812 778 922 848 Vellei,
935 779 1110 852 suscipimus

238 897 329 955 genus
353 879 409 938 lroo
436 879 608 953 argumenti,
622 879 741 936 attende
764 897 821 954 quo
846 883 951 952 serpat.
978 884 1009 936 tu
1029 878 1109 938 onim

238 981 381 1047 sumebas,
396 979 452 1038 uisi
466 980 496 1038 io
512 977 637 1037 bominis
652 979 741 1054 figura
763 978 906 1036 rationem
925 977 1024 1036 inesse
1048 997 1109 1038 uon

237 1097 332 1154 posse.
353 1085 448 1138 sumet
471 1080 555 1146 allus,
569 1077 626 1136 uisi
648 1078 680 1136 in
704 1077 847 1148 terrestri3
869 1077 926 1136 nisi
947 1078 979 1136 in
1001 1077 1109 1154 oo,qui

236 1185 323 1238 uatus
336 1179 374 1236 sit
388 1199 395 1235 ε
417 1179 473 1238 uisi
487 1179 519 1236 in
533 1196 578 1245 eo,
592 1177 641 1252 qui
664 1177 827 1236 adoleverit
841 1198 848 1234 ι
870 1177 927 1238 nisi
941 1177 973 1238 in
993 1196 1039 1246 eo,
1058 1177 1108 1254 qui

236 1277 391 1336 didioerit:
413 1277 468 1336 uisi
484 1277 514 1336 io
526 1295 572 1344 eo,
582 1277 631 1352 qui
642 1295 680 1336 ox
694 1279 794 1335 animo
804 1283 929 1344 oonstet,
943 1283 973 1334 el
985 1294 1108 1352 corporo

236 1379 358 1444 oaduoo,
372 1382 402 1434 st
416 1377 549 1434 infirmo:
573 1383 718 1450 postremo
731 1377 790 1434 nisi
813 1377 844 1436 in
870 1376 996 1445 homine,
1018 1382 1108 1453 atquo

231 1477 359 1534 mortali.
402 1478 487 1549 Quod
501 1477 527 1533 si
541 1475 571 1534 in
585 1477 719 1534 omnibus
734 1475 779 1534 nis
794 1479 878 1535 robus
893 1476 1017 1545 obsistis,
1038 1477 1109 1552 quid

237 1582 290 1645 ost,
304 1578 379 1652 quod
395 1583 423 1636 lo
438 1595 496 1634 uno
514 1574 792 1634 lormnoonturbot?
816 1577 861 1634 his
875 1576 954 1636 enim
964 1576 1110 1646 omnibus,

236 1687 310 1751 quas
325 1675 467 1750 proposui,
481 1676 637 1750 adjunctis,
654 1675 686 1734 in
701 1675 819 1734 homino
833 1675 976 1735 rationem
989 1693 1063 1745 esso,
1076 1681 1109 1734 st

236 1775 505 1834 montemvidebas.
534 1777 646 1848 Quibus
657 1776 806 1842 dstrsolis,
815 1776 901 1834 doum
910 1780 1008 1834 tomen
1022 1793 1109 1834 uosso

237 1879 267 1932 te
286 1875 372 1943 diois,
396 1875 483 1932 modo
507 1873 685 1934 lineamenta
706 1880 853 1936 maneant.
896 1875 963 1934 Hoo
983 1881 1027 1933 eat
1048 1893 1109 1934 non

122 2040 129 2072 X
232 1959 431 2041 'considerat-e,
455 1974 506 2030 sod
530 1973 612 2049 qnasi
640 1973 747 2042 sortiri,
772 1974 841 2048 quid
871 1975 999 2050 loquare.
1039 1974 1109 2032 Nisi

232 2071 363 2136 fortene
379 2072 434 2130 hoo
456 2073 572 2146 quidem
585 2073 723 2142 attendis,
738 2091 797 2132 oon
823 2074 910 2132 modo
932 2074 964 2131 in
980 2073 1110 2143 homine,

239 2171 291 2228 sod
305 2171 395 2227 etiam
409 2169 440 2226 in
455 2172 565 2238 arbore,
579 2171 717 2245 quidquid
732 2189 982 2245 snpurvnoansum
997 2173 1043 2244 sit,
1058 2163 1117 2230 aut'

238 2287 320 2327 usum
335 2287 392 2326 non
402 2270 523 2337 habeat,
533 2271 658 2327 obstare.
700 2270 796 2344 Quam
810 2274 962 2330 molestum
977 2277 1030 2339 est,
1050 2289 1110 2328 uno

237 2368 403 2442 digitoplus
421 2366 549 2428 habere?
569 2369 637 2444 quid
656 2368 721 2430 ita?
741 2370 808 2444 quia
822 2387 878 2428 nso
892 2371 1030 2444 speciem,
1051 2387 1108 2428 neo

184 2510 189 2516 .
237 2485 319 2525 usum
346 2469 435 2526 alium
457 2469 775 2544 quinquodesideraut.
817 2470 901 2530 Tuus
924 2475 1020 2528 aulam
1034 2471 1107 2530 deus

236 2585 296 2626 non
307 2569 400 2642 digito
414 2585 473 2626 uno
483 2571 633 2637 redundat,
647 2570 698 2626 sad
711 2569 819 2641 eapite,
833 2571 919 2637 oollo,
933 2569 1110 2638 corvicibus,

237 2667 384 2736 lateribus,
408 2670 486 2735 alvo,
511 2673 600 2742 tergo,
622 2667 788 2742 poplitibus,
813 2668 954 2734 manibus,
978 2669 1109 2742 pedibus,

236 2755 400 2836 liminibus,
413 2767 551 2826 cruribus.
594 2767 627 2825 Si
649 2772 680 2825 ul
703 2767 875 2826 immortalis
889 2767 936 2836 slt,
950 2768 1019 2841 quid
1033 2769 1109 2826 huso

237 2867 274 2924 ad
291 2867 382 2924 vitum
398 2869 526 2926 membra
538 2865 709 2941 pertinent?
729 2867 796 2941 quid
811 2865 873 2940 ipsa
888 2867 977 2924 lanies
990 2864 1001 2924 l
1015 2866 1108 2940 magis

237 2967 298 3035 illa,
316 2969 475 3034 oerobrum,
489 2984 549 3034 cor,
562 2969 723 3039 pulmones,
743 2968 836 3040 jeour.
851 2968 925 3024 haoo
940 2966 1019 3025 enim
1040 2970 1109 3023 sunt

236 3065 387 3126 domicilio
401 3065 490 3124 vitae.
532 3065 598 3123 Oris
612 3065 727 3138 quidem
750 3066 866 3124 habitus
879 3066 916 3123 ad
929 3065 1008 3125 vitae
1023 3063 1110 3122 tirmi-

184 3162 330 3226 36tatem
358 3164 431 3222 nillil
453 3163 589 3236 pertinet.
631 3164 675 3221 nt
698 3181 748 3222 eos
774 3163 969 3237 vituperabas,
993 3163 1043 3238 qui
1069 3182 1109 3221 ex

236 3265 371 3340 operibus
404 3261 577 3337 magnificis,
608 3266 695 3338 atqua
726 3264 892 3336 praeclaris,
919 3279 986 3322 oum
1013 3261 1110 3336 ipsum

266 3417 290 3448 ²³
304 3423 325 3463 sl
333 3418 432 3466 mosibus
441 3417 563 3466 simillimis
572 3416 619 3476 fig.
630 3417 682 3466 diss.
710 3417 832 3465 simillimis
841 3417 942 3464 additum
961 3433 974 3464 o
984 3433 1009 3464 re
1023 3422 1047 3464 st
1058 3417 1108 3466 Mo.

235 3473 328 3521 Elison.
341 3493 392 3523 nana
403 3477 540 3524 autitheaeos
551 3477 608 3522 ratio
619 3485 682 3538 postu
694 3485 718 3524 at
728 3478 750 3524 id
760 3477 820 3523 addi.
835 3478 958 3524 simillimis
967 3478 1054 3534 formis
1062 3478 1109 3526 tiis·

234 3547 300 3590 porse
309 3549 385 3594 morso,
395 3538 514 3597 respondet
528 3537 627 3584 moribus
636 3537 759 3586 simillimis
773 3536 853 3596 lifftlro
862 3537 987 3588 dissimilis.
