2558 4198
397 207 403 215 1
463 257 562 311 blnda
579 257 756 310 socundus:
987 261 1050 326 371

182 409 264 488 qnasi
291 406 410 470 novitas
439 426 492 468 nos
512 407 612 484 magis,
639 424 726 483 quam
763 404 932 483 magnitudo
957 421 1053 468 rerum

179 509 287 571 debeat
300 512 338 568 ad
359 508 552 583 exquirendas
576 524 679 566 causas
703 506 844 565 excitare.
885 507 958 579 Quis
971 508 1052 566 enim

180 609 261 670 bunc
287 607 435 666 hominem
464 605 581 676 dixerit,
608 607 749 682 quicum
775 615 836 664 tam
858 615 953 664 certos
974 605 1051 665 caeli

178 718 285 774 motus,
297 713 356 766 tam
368 712 444 764 ratos
452 706 727 774 astrorumordinee,
738 709 853 782 tamque
862 707 960 763 omnia
974 705 1052 763 inter

180 823 214 868 fle
236 822 372 864 connexa
386 809 416 862 et
430 812 499 878 apta
515 805 629 870 viderit,
644 812 731 879 neget
745 804 777 863 iu
791 805 837 862 his
851 807 940 863 ullam
954 804 1052 862 inesse

180 904 334 971 rationem,
348 921 440 980 eaque
453 921 523 962 casu
538 903 600 961 fieri
613 904 702 972 dicat,
715 923 789 980 quae
803 910 912 976 quanto
924 902 1052 961 consilio

182 1007 328 1079 gerantur,
350 1005 432 1062 nullo
451 1004 577 1062 consilio
598 1005 713 1079 assequi
726 999 898 1078 possumne?
920 1003 969 1060 An
984 1017 1052 1061 cnm

182 1102 401 1164 machinatione
429 1104 552 1178 quadam
580 1103 692 1161 moveri
719 1101 828 1176 aliquid
853 1101 996 1169 videmur,
1019 1103 1052 1160 ul

180 1203 344 1276 sphaeram,
368 1199 420 1260 'ut
434 1202 529 1269 horas,
552 1207 584 1260 ut
608 1202 665 1259 alia
688 1202 845 1275 permulla3
866 1217 924 1258 non
938 1199 1051 1258 dubita·

180 1318 254 1370 mus,
275 1301 346 1374 quin
359 1299 411 1357 illa
423 1318 510 1374 opera
534 1300 593 1358 sint
608 1300 744 1359 rationis:
769 1317 835 1357 cum
850 1305 948 1358 nutem
961 1299 1051 1373 impe·

182 1404 244 1458 tum
257 1400 334 1458 caeli
348 1398 512 1456 admirabili
524 1415 591 1456 cum
604 1399 756 1458 celeritate
775 1399 897 1467 moveri,
919 1400 1053 1472 vertique

181 1498 342 1566 videamus,
356 1497 591 1556 constantissime
606 1499 812 1557 conficientem
832 1498 1052 1556 vicissitudines

80 1595 87 1600 ’
181 1597 406 1664 anniversarias,
431 1613 499 1654 curn
519 1609 630 1653 summa
654 1599 747 1654 salute
771 1603 802 1654 et
826 1596 1052 1655 conservatione

180 1713 276 1755 rerum
308 1696 456 1754 omniumz
490 1695 663 1763 dubitamus,
697 1697 766 1771 quin
796 1713 833 1754 ea
866 1714 926 1754 non
958 1699 1052 1754 solum

180 1795 294 1852 ratione
307 1797 386 1862 fiant,
400 1787 556 1853 sedetiam
570 1796 731 1854 excellenti
746 1798 879 1871 quadam,
892 1794 1051 1872 divinaque

179 1891 315 1952 ratione?
336 1894 424 1954 Licet
443 1894 523 1954 enim
536 1893 611 1967 jam,
637 1901 747 1952 mmota
770 1893 931 1954 subtilitate
955 1895 1051 1969 dispu-

179 1993 270 2062 tandi,
284 1993 376 2051 oculis
390 1995 604 2070 quodammodo
615 1995 808 2068 contemplari
824 1994 1051 2069 pulcritudinem

177 2109 272 2150 rerum
296 2111 404 2164 earum,
417 2111 488 2171 quas
508 2093 612 2153 divina
631 2093 819 2170 providentia
839 2095 963 2154 dicimus
980 2113 1050 2154 cou-

179 2191 303 2250 ddums

221 2292 269 2347 Ac
296 2289 441 2364 principio
467 2295 543 2348 terra
567 2291 705 2350 universa
732 2297 876 2362 cernatur,
896 2297 994 2354 locata
1017 2294 1049 2353 in
1060 2299 1103 2359 39

181 2385 281 2446 media
307 2387 406 2444 mundi
431 2391 510 2454 sede,
536 2387 640 2454 solida,
667 2396 698 2445 et
717 2392 845 2462 globosa,
872 2399 901 2449 et
922 2396 1049 2470 undique

179 2483 287 2558 ipsein
302 2501 366 2540 sese
381 2485 497 2542 nutibus
522 2484 583 2544 suis
596 2487 781 2560 conglobata,
803 2489 909 2545 vestita
923 2491 1048 2561 floribus,

180 2584 286 2650 herbis,
299 2584 457 2652 arboribus,
477 2583 611 2658 frugibus.
637 2602 756 2659 quorum
776 2586 905 2644 omnium
926 2588 1049 2647 incredi·
1148 2660 1156 2668 ἢ

179 2682 246 2742 bilis
280 2681 443 2750 mullitudo,
480 2683 640 2742 insatiabili
676 2684 817 2743 varietate
851 2687 1046 2764 distinguitur.

179 2783 267 2842 Adde
295 2783 351 2840 huc
379 2781 501 2838 sontium
540 2784 653 2856 gelidas
680 2785 895 2855 peremnitates,
924 2787 1048 2860 liquores

178 2881 341 2956 perlucidos
367 2881 506 2950 amnium,
539 2881 664 2954 riparum
697 2883 820 2940 vestitus
848 2885 1049 2955 uiridissimus,

179 2982 382 3054 speluncarum
405 2997 552 3038 concavas
580 2981 758 3049 altitudines,
782 2999 914 3040 saxorum
942 2983 1037 3057 asperi

178 3085 263 3148 tates,
283 3079 514 3154 impendentium
538 3081 681 3158 montium
700 3081 877 3151 altitudines,
900 3083 1036 3144 immensi

179 3181 312 3254 talesque
341 3195 529 3254 camporum:
564 3181 639 3237 adde
664 3181 754 3238 etium
782 3183 946 3239 reconditas
974 3185 1049 3252 auri,

93 3283 96 3290 '
176 3279 346 3354 argentique
361 3297 460 3348 venas,
474 3279 675 3354 infinitamque
691 3280 752 3337 vim
776 3281 931 3338 marmoris.
962 3283 1045 3354 Quae

206 3452 218 3485 θ
232 3459 257 3499 ul
266 3453 339 3513 lucras]
361 3453 398 3501 hic
408 3455 533 3504 amentio
543 3455 682 3515 horologium
694 3455 788 3518 intelllgi
798 3455 872 3506 debet.
885 3473 905 3506 u.
917 3457 988 3506 Clau,

218 3551 288 3594 ron.
304 3553 356 3595 xv.
636 3541 674 3595 32
684 3535 703 3572 i·
