2548 4208
269 404 329 472 m
516 395 650 455 roscen
670 399 914 460 cosnsrronoss

265 549 435 628 colligunt?
458 569 578 614 remove
602 555 843 629 perturbsllones.
869 552 1056 631 meximeque
1082 551 1138 616 irs·

265 655 422 712 cundiam:
449 653 515 728 jum
538 655 715 713 videbuntur
739 661 867 713 monstra
895 654 1004 714 dicere.
1045 657 1138 716 Nunc

214 787 219 796 ·
265 761 363 814 cutem
375 755 417 812 its
427 755 581 822 disserunt,
591 753 635 812 sie
655 771 687 812 se
701 753 809 822 dicere,
822 772 924 814 omnes
937 759 1042 813 stultos
1060 756 1138 816 inse·

264 853 338 924 nire,
351 860 383 912 ut
404 856 481 912 mele
495 855 574 911 olere
587 870 674 911 omne
695 871 829 913 coenum.
873 857 914 914 At
930 872 988 912 non
1010 865 1136 929 semper.

264 953 427 1014 commove
441 973 448 1010 ε
468 952 588 1012 senties.
632 953 687 1012 Sic'
707 953 862 1014 iracundus
878 974 936 1013 non
951 973 1067 1029 semper
1081 956 1135 1013 irs·

263 1057 310 1111 tus
338 1059 391 1112 est.
432 1055 581 1114 bscesse:
609 1051 672 1126 jom
699 1055 813 1112 videbis
833 1055 988 1113 furentem.
1031 1047 1138 1128 Quill?

262 1153 320 1212 ists
333 1153 470 1212 bellatrix
484 1153 722 1222 inconcinnum
736 1155 853 1212 domum
874 1155 971 1222 rediit,
984 1155 1077 1229 qualis
1090 1155 1136 1211 est

263 1269 331 1310 cum
358 1250 474 1310 uxore?
505 1271 574 1312 oum
598 1251 720 1312 liberis?
753 1271 820 1312 cusu
845 1249 983 1312 inmitis?
1010 1270 1049 1310 sn
1074 1259 1136 1310 tum

183 1421 188 1426 ι
264 1369 377 1428 quoque
390 1358 434 1408 est
449 1349 551 1411 utilis?
571 1356 616 1410 est
641 1353 729 1427 igitur
743 1354 861 1428 aliquid,
880 1354 956 1428 quod
972 1353 1136 1428 perturbate

263 1467 347 1512 mens
361 1452 465 1510 melius
488 1451 579 1524 possit
600 1452 706 1517 lucere,
720 1469 804 1524 quern
819 1447 983 1510 eonrtsm?
1003 1469 1041 1508 un
1060 1449 1135 1526 quis-

262 1571 349 1628 quam
374 1557 468 1627 potest
482 1558 547 1610 sine
561 1552 778 1626 perturbatione
800 1552 906 1610 mentis
928 1548 1038 1608 irasci?
1059 1552 1138 1608 bene

261 1650 350 1727 igitur
371 1652 472 1720 nostri,
491 1669 560 1710 cum
584 1652 682 1710 omnis
697 1659 796 1710 essent
815 1651 878 1710 ⁸⁵in
903 1653 1030 1708 moribus
1050 1649 1135 1718 vitio,

263 1753 339 1826 quod
353 1755 464 1810 nullum
478 1757 539 1809 eret
552 1749 702 1808 iracundia
723 1749 846 1816 loellius,
868 1750 1022 1808 iracundos
1046 1751 1135 1818 solos,

210 1843 391 1909 himorosos
418 1849 652 1907 nominaverunt.
695 1847 849 1904 Oratorem
874 1866 943 1905 vero
967 1849 1054 1906 irasci
1081 1847 1134 1906 mi·

261 1946 342 2006 nime
363 1949 465 2004 decet:
486 1947 622 2004 simulare
646 1965 705 2005 non
729 1948 862 2004 desiccet.
905 1949 955 2006 An
970 1947 1023 2004 tihi
1045 1943 1134 2004 irasci

261 2049 324 2104 tum
335 2045 477 2112 videmur,
487 2063 554 2104 cum
567 2045 635 2119 quisi
657 2045 688 2102 in
702 2048 800 2104 causis
814 2047 909 2104 scrius
922 2054 951 2104 et
976 2048 1134 2104 vehemen·
1163 2091 1165 2095 -

262 2143 320 2222 lius
345 2142 492 2202 dicimus?
523 2141 613 2219 quid?
641 2161 708 2202 cum
729 2144 793 2218 jem
815 2149 899 2230 rebus
923 2145 1077 2204 transactis
1101 2149 1133 2204 et

261 2243 426 2322 praeteritis
439 2243 585 2302 orationes
595 2233 758 2314 scribimus,
769 2263 838 2304 num
852 2246 918 2303 irnli
931 2247 1085 2306 scribimur
1098 2237 1112 2302 i

469 2389 501 2438 Bt
514 2387 563 2450 quis
573 2390 616 2436 hoc
625 2387 805 2440 animadvertit?
819 2389 922 2449 Vincite,

261 2547 331 2590 num
345 2537 394 2590 sut
413 2533 507 2607 egisse
522 2515 657 2605 umquem
681 2529 784 2589 irslum
801 2533 959 2608 Aesopum,
973 2536 1022 2590 sut
1042 2529 1133 2605 scrip·

261 2629 334 2689 sisse
364 2632 565 2690 existimamus
599 2627 704 2688 iratum
737 2631 889 2690 Accium?
923 2635 1047 2705 aguntur
1073 2631 1132 2690 isle

261 2733 419 2806 praeclare,
438 2738 467 2789 et
481 2733 518 2788 ub
531 2737 645 2787 oratore
668 2730 784 2806 quidem
810 2731 923 2796 melius,
936 2730 963 2786 si
984 2731 1071 2787 modo
1084 2734 1132 2788 est

260 2837 365 2898 cretur,
389 2848 475 2906 quem
498 2831 536 2885 ab
549 2832 609 2888 ullo
623 2827 782 2887 histrione:
802 2831 853 2888 sed
867 2831 991 2902 aguntur
1014 2829 1131 2900 leniter,

149 2983 150 2988 ,
261 2936 292 2987 et
305 2935 403 2986 mente
420 2929 583 3002 tranquilla.
623 2929 792 2988 Libidinem
816 2927 1023 2995 verolamium,
1044 2931 1129 3004 eujus

260 3033 305 3084 est
328 3025 479 3084 libidinis?
500 3018 734 3086 Themistoclem
757 3027 829 3084 mihi
850 3035 879 3084 el
895 3027 1129 3088 Demosthenem

259 3125 410 3200 profertis:
438 3126 544 3182 eliditis
565 3127 771 3202 Pythagoram,
792 3126 1002 3196 Democritum,
1031 3127 1128 3186 Plato·

259 3242 337 3282 nem.
379 3221 485 3297 Quid?
506 3243 558 3283 vos
584 3228 689 3294 studio,
715 3225 867 3284 libidinem
895 3224 1033 3286 vocetis?
1052 3241 1127 3304 quse

259 3327 309 3382 vel
336 3323 508 3397 optimarum
536 3341 639 3395 rerum,
658 3331 690 3382 ut
716 3341 753 3383 ec
778 3331 854 3397 sunt,
883 3343 957 3402 quse
984 3327 1127 3402 profertis,

274 3475 310 3548 ‚⁸.⁵
323 3479 350 3526 in
358 3479 438 3525 mortis
447 3505 454 3514 ·
464 3507 472 3516 ·
481 3479 604 3542 morbosos]
635 3479 746 3528 Neutrum
760 3481 879 3529 lectionem
889 3497 966 3529 veram
979 3465 1069 3550 colligit
1080 3479 1128 3528 Da·

258 3553 332 3607 vissus.
343 3539 489 3608 quodfalsum
505 3547 539 3586 est
549 3541 665 3586 iracundos
682 3539 726 3586 dici
736 3541 848 3588 morbosos.
868 3543 914 3602 ipse
929 3546 1023 3588 correxit
1034 3553 1128 3589 morosos

258 3601 283 3642 st
293 3597 377 3642 rodecn
394 3600 499 3655 moribus,
509 3614 540 3645 sc.
551 3598 667 3668 irecuudos
676 3614 774 3645 morosos
784 3600 864 3656 dictos,
879 3602 944 3646 docet
962 3605 986 3646 el
1004 3599 1087 3668 Seneca
1098 3601 1128 3646 de

258 3655 300 3764 ti.
315 3655 780 3777 tttlfflttttttltt‘ttill-‘tlt
790 3659 911 3713 ΜΨ
927 3659 965 3722 qn
982 3671 1086 3720 ΨΜ
1101 3658 1127 3708 ³²

302 3747 308 3759 .
502 3749 509 3780 ,
781 3749 787 3768 .
