2552 4208
463 307 563 358 arran
580 305 731 358 ruarma
968 309 1030 372 ης

217 457 279 508 Nam
289 457 327 520 qui
336 456 394 506 haec
403 454 484 504 audita
494 471 508 504 a
519 455 586 520 docto
593 453 740 502 meminimm
750 451 807 512 riro,

216 537 315 585 Futurae
325 551 410 584 mecum
421 534 590 583 commentabar
600 534 711 580 miseriae:

216 618 264 666 Aut
275 622 369 662 mortem
379 615 491 671 acerbam,
502 621 540 660 aut
550 614 621 660 exsilii
631 621 740 660 moratam
753 612 837 672 lugam,

216 698 265 744 Aut
275 709 362 756 semper
374 694 471 756 aliquam
481 695 563 740 molem
574 693 699 740 meditabar
708 691 776 740 mali:

215 774 258 830 Ut,
268 775 334 836 riqua
343 773 433 820 inrecta
442 773 522 820 diriter
531 787 582 820 caru
593 775 659 830 toret,

215 853 254 902 lle
263 868 300 900 me
309 851 442 916 imparatum
449 867 502 902 cura
512 853 625 901 laceraret
634 865 721 914 repem.

157 993 243 1068 Quod
255 1000 351 1052 autem
366 995 503 1052 Theseus
516 1012 534 1052 a
547 995 677 1052 doctore
691 992 807 1052 audiere
820 989 903 1058 dicit,
917 989 948 1047 id
961 987 1028 1048 “dc

156 1094 254 1167 reipao
264 1094 388 1168 loquitur
401 1094 566 1168 Euripides.
581 1095 673 1152 iuerat
688 1093 768 1152 enim
782 1093 896 1150 auditor
910 1092 1028 1148 Anaxa·

155 1211 261 1269 gome:
294 1210 380 1268 quem
406 1194 511 1261 lerunt,
539 1195 672 1252 nuntiata
700 1197 792 1250 morte
816 1189 880 1258 lilii,
906 1188 1028 1258 dixisse,

158 1293 297 1353 Sciebam
313 1311 359 1352 me
372 1293 512 1368 genuisse
533 1296 694 1351 mortalem.
712 1283 787 1367 vquae
803 1307 862 1348 vox
887 1290 1029 1357 declarat,

155 1393 192 1452 iia
217 1412 281 1452 ease
310 1395 385 1451 lmen
406 1393 521 1460 acerba,
545 1393 648 1468 quibus
673 1409 731 1450 non
754 1391 861 1450 luerint
880 1389 1026 1464 'cogitata-

159 1510 228 1568 ergo
242 1493 271 1550 id
287 1493 403 1566 quidem
418 1507 477 1548 non
491 1492 619 1558 dubium,
633 1491 703 1566 quin
717 1491 825 1558 omnia,
837 1489 938 1564 “quac
949 1490 1028 1546 mala

157 1595 304 1666 putentur,
319 1591 378 1648 rint
400 1589 563 1668 improvisa
580 1590 722 1664 graviora
738 1590 836 1663 itaque
855 1603 1028 1663 quamquam

156 1708 215 1749 non
242 1691 315 1748 haee
341 1707 398 1747 una
425 1707 470 1748 rea
499 1689 589 1746 efficit
613 1688 771 1746 maximam
794 1686 1026 1762 aegritudinem:

154 1794 278 1858 tamen,
295 1789 432 1865 quoniam
455 1791 576 1847 multum
600 1793 696 1863 potest
720 1786 849 1862 provisio
871 1785 972 1852 animi,
996 1787 1028 1844 et

154 1889 338 1965 praeparatio
352 1891 388 1946 ad
403 1889 592 1948 minuendum
603 1890 742 1956 dolorem,
758 1888 817 1946 aint
831 1903 946 1960 semper
966 1901 1027 1944 om·

155 1989 204 2047 nia
226 1989 337 2048 homini
358 1991 485 2050 humana
505 1989 653 2048 meditata.
675 1994 706 2048 et
727 1988 862 2048 nimirum
883 1988 957 2046 haec
981 1987 1028 2044 eat

154 2087 207 2148 illa
231 2096 381 2160 praestans
405 2093 435 2144 ct
460 2085 564 2144 divina
588 2084 743 2160 sapientia,
769 2085 828 2142 ”et
855 2091 1026 2160 praeceptae

79 2237 84 2242 .
153 2185 269 2260 penitus
292 2191 323 2244 et
343 2191 533 2260 pertractatas
561 2187 701 2244 humanae
726 2203 771 2243 rea
791 2186 916 2254 habere;
950 2182 1026 2242 nihil

43 2305 49 2314 ’
153 2286 387 2355 adrimeticum
409 2285 567 2355 acciderit;
597 2286 682 2355 nihil,
703 2290 860 2362 antequam
881 2283 1027 2354 evenerit,

154 2401 213 2442 non
225 2385 345 2442 evenire
357 2403 440 2458 pocae
454 2381 596 2442 arbitrari.

184 2499 337 2550 Quamobrem
346 2513 429 2555 omncs,
440 2515 489 2546 cum
499 2501 610 2548 mcundac
619 2513 654 2548 rer
663 2505 714 2549 mut
723 2499 826 2558 maxime,
836 2505 883 2548 tum
894 2501 990 2549 maximo

184 2577 298 2626 Meditari
308 2592 381 2624 cecum
390 2584 488 2638 oportet,
498 2593 544 2640 quo
552 2586 620 2640 pacto
629 2581 747 2637 adroraam
756 2595 884 2628 aerumnam
894 2581 979 2628 lerant:

184 2655 281 2714 Pericle,
292 2657 380 2713 damna,
391 2671 485 2717 peregre
495 2657 582 2706 redirar
592 2673 679 2720 semper
687 2674 760 2708 recum
771 2660 862 2716 cogitet,

184 2737 232 2786 Aut
243 2734 280 2782 tilii
291 2739 415 2797 peccatum,
425 2742 469 2801 aut
475 2732 660 2791 urorir'nrortem,
671 2743 712 2784 aut
721 2737 821 2786 morbum
830 2738 905 2784 dliee:

184 2815 318 2864 Communia
324 2829 373 2862 erac
381 2815 444 2873 haee,
454 2815 543 2878 nequid
552 2816 630 2862 borum
639 2830 743 2877 umquam
751 2801 840 2862 accidat
846 2815 921 2863 auimo
930 2829 1023 2866 novun:

182 2893 298 2957 Quidquid
308 2898 397 2957 praeter
406 2901 468 2957 apem
478 2892 576 2953 eveniat,
587 2909 653 2943 omne
662 2895 686 2942 id
696 2894 804 2956 deputare
813 2909 861 2944 erre
870 2896 893 2942 ln
901 2895 970 2944 luero.

181 3071 203 3110 ¹⁶
218 3074 327 3132 ἱμείρω
337 3075 440 3135 lopeieur
449 3075 582 3137 Euripides]
599 3080 623 3124 ut
633 3083 712 3137 nroprc
721 3074 811 3137 iugenio
829 3074 963 3136 ucogitata,
979 3087 1024 3125 non

153 3133 236 3182 alieno.
248 3136 325 3196 itaque
334 3135 393 3182 male
401 3137 427 3182 de
436 3151 457 3182 re
467 3135 511 3192 ipre
521 3135 617 3182 correxit
629 3136 740 3184 narretur.

183 3214 206 3248 ⁵⁷
220 3229 275 3275 quae
285 3217 344 3264 muta
360 3216 488 3275 polenum]
520 3215 558 3262 Sic
569 3217 615 3263 Mn.
627 3215 702 3263 Guell.
721 3215 795 3275 Vulgo
807 3215 866 3262 male
874 3219 992 3272 putantur.

182 3293 203 3326 ⁸⁸
219 3299 239 3339 et
251 3300 360 3352 perceptus
375 3296 454 3341 ledere
464 3301 483 3342 et
497 3297 649 3358 pertractatur]
669 3312 710 3358 pro
717 3301 827 3354 perceptor
836 3295 892 3342 bene
900 3297 1025 3352 praeceptae

153 3350 265 3423 llayiriur.
285 3369 334 3400 nam
348 3356 441 3401 retertur
452 3356 495 3402 hoc
511 3357 539 3402 ad
549 3356 694 3412 provisionem
710 3357 790 3414 animi,
801 3371 867 3416 quun
877 3355 954 3416 paullo
970 3358 1024 3404 autc

152 3412 227 3522 :ladid
237 3411 482 3523 nguzreragrggrnztrah
501 3413 593 3464 volebat
606 3420 772 3477 praetractatu,
787 3414 898 3478 probante
916 3413 1022 3506 Bitherlt).
