2558 4198
371 279 373 283 ’
438 319 540 370 nrnnn
554 319 734 370 sncunnue.
965 327 1032 392 κς

162 487 238 544 erpo,
247 488 315 544 enm
330 469 449 528 dscmm
463 469 597 544 consilio,
610 476 640 530 el
657 468 842 544 providentie
853 470 1034 530 administra·

160 569 195 642 ri.
239 571 390 627 Postremo
403 587 470 628 conr
484 569 555 628 satis
577 570 770 638 docuerimus,
792 573 845 630 hos
867 589 931 630 esse
952 575 1033 642 deos,

159 687 279 744 qnorum
293 667 439 739 insignem
454 669 524 734 vius,
538 675 568 728 et
582 669 723 728 illustrem
737 671 843 728 sacient
859 671 1034 742 videremus,

160 771 253 828 solem
268 766 345 832 dico,
356 773 387 824 et
401 769 508 832 lunum,
522 775 551 826 et
575 773 788 844 regeneretur,
808 776 839 828 et
862 770 1034 840 inerrantes,

160 871 191 923 et
214 867 339 934 caelum,
354 871 383 924 et
405 869 543 924 mundum
567 867 673 942 ipsum,
685 875 715 926 et
739 887 838 926 earum
853 887 946 928 rerunt
963 870 1034 940 vim,

160 983 235 1040 quae
255 964 384 1033 inessent
399 966 434 1024 in·
451 966 531 1024 omni
556 970 673 1036 mundo,
692 985 761 1026 num
785 986 893 1043 magno
917 985 979 1034 usu,
1002 972 1036 1033 et

160 1065 367 1124 commoditate
383 1067 507 1139 generis
535 1067 669 1125 hnmani:
693 1067 819 1126 efficitur
845 1066 943 1124 omnin
971 1067 1034 1140 regi

159 1162 263 1220 divina
286 1171 382 1220 mente
397 1169 482 1238 atque
504 1165 700 1238 providentia.
742 1167 790 1224 Ac
816 1165 853 1222 dc
867 1166 960 1240 primu
973 1165 1035 1242 qui-

160 1262 228 1322 uem
243 1266 324 1335 parte
335 1262 405 1320 satis
420 1264 530 1322 dictum
545 1270 601 1324 est.

201 1361 347 1436 Sequitur,
360 1367 391 1418 ut
412 1363 543 1431 doceam,
557 1362 656 1422 omnic
675 1361 806 1436 subjecta
823 1381 887 1426 esse
902 1369 1033 1432 naturae,
1043 1363 1090 1424 32

159 1477 252 1535 euque
264 1463 301 1518 nb
315 1479 350 1517 ea
366 1462 538 1533 pulcerrime
556 1463 626 1536 regi.
669 1463 729 1520 Sed
743 1462 811 1538 quid
825 1463 937 1535 ellipse
951 1471 1034 1522 nalo·

159 1577 201 1626 ra,
223 1559 432 1632 explicandum
459 1568 503 1616 est
528 1566 597 1618 ante
618 1561 757 1630 breviter,
779 1580 836 1636 quo
859 1562 974 1623 lucilius
994 1563 1036 1634 id,

159 1659 235 1733 quod
249 1659 355 1718 docere
378 1642 520 1726 volumus,
539 1651 666 1733 intelligi
692 1659 793 1732 possit.
834 1663 969 1736 Namque
983 1661 1035 1723 alit

160 1763 293 1816 naturam
316 1763 439 1816 censent
467 1776 530 1814 esse
558 1757 620 1816 vim
647 1760 791 1832 quenulam
819 1758 883 1816 sine
912 1760 1035 1832 ratione,

160 1857 289 1916 cientem
304 1864 397 1916 molus
409 1857 439 1916 in
455 1858 622 1932 corporibus
637 1858 816 1916 necessarios
829 1878 835 1914 ι
857 1858 908 1916 alii
927 1857 1035 1930 ¹nutem,

92 2037 95 2041 Ι
161 1956 222 2016 ιίιιι
237 1958 408 2032 participem
429 1958 558 2025 rationis,
573 1964 658 2032 atque
672 1958 801 2027 ordinie3
823 1963 970 2033 tnrnqosm
984 1959 1035 2028 viq

158 2058 402 2131 progredientem,
432 2059 697 2133 declarantemque,
711 2057 791 2132 ’quid
819 2059 957 2134 cujusque
991 2058 1036 2118 rci

158 2173 246 2216 causa
260 2157 377 2226 efficiat,
404 2157 471 2232 quid
496 2163 640 2232 sequatur,
663 2157 746 2232 cujus
773 2158 933 2216 sollertiam
953 2160 1035 2223 nulls

159 2273 215 2323 ers,
229 2258 309 2315 nulla
324 2273 435 2323 menos,
450 2273 537 2314 nemo
560 2257 658 2330 opilea
685 2257 826 2332 consequi
851 2256 942 2330 possit
969 2257 1035 2316 inri-

159 2355 259 2412 tando.
273 2353 394 2411 seminis
408 2354 488 2410 enim
509 2353 570 2410 vim
592 2369 656 2410 esse
682 2359 801 2422 matram,
816 2361 847 2412 ut
872 2356 911 2426 id,
935 2374 1033 2432 quent·

159 2449 293 2527 quamsit
307 2450 507 2524 perexiguum,
522 2455 619 2506 lamen
633 2449 658 2506 si
673 2448 809 2510 inciderit
820 2451 851 2508 in
865 2455 1033 2528 concipien-

161 2555 231 2618 tem,
255 2549 607 2624 comprehenrlentemque
632 2555 775 2616 naturum,
795 2553 970 2625 nectuntque
995 2553 1034 2612 sit

161 2649 323 2718 materiam,
336 2665 393 2723 qua
406 2646 456 2716 ali,
470 2647 625 2723 augerique
636 2646 737 2722 poenit,
752 2647 794 2705 ila
818 2647 909 2722 finget
930 2653 960 2706 et
975 2650 1033 2708 elii·

158 2748 263 2806 cintia
279 2765 331 2806 suc
353 2746 477 2823 quidque
502 2763 627 2822 generer
649 2745 755 2820 partim
777 2754 809 2806 ul
834 2749 1036 2808 tantummodo

157 2865 210 2922 per
222 2848 328 2922 stirpes
341 2849 456 2906 sienim
478 2864 553 2915 snas,
574 2846 678 2920 partim
701 2851 732 2904 nt
757 2847 869 2906 moveri
890 2845 988 2918 etium,
1002 2853 1034 2910 et
1077 2885 1081 2892 ·

158 2947 278 3016 sentire,
291 2951 322 3004 et
348 2951 487 3022 appetere
516 2945 638 3020 possint,
662 2954 693 3004 et
713 2963 751 3004 ex
779 2963 844 3006 sese
868 2946 1034 3008 similiasui

159 3047 291 3123 gignere.
334 3045 411 3104 Sunt
437 3050 547 3113 nutem,
571 3045 620 3121 qui
643 3044 742 3104 omnia
771 3050 891 3105 naturae
913 3046 1032 3107 nomine

160 3146 320 3222 appellent,
334 3149 366 3202 ut
379 3144 532 3219 Epicurus,
546 3144 595 3220 qui
616 3145 658 3204 itu
671 3143 787 3212 dividit,
805 3144 1033 3221 omniumque·

160 3245 230 3314 sint,
250 3249 392 3313 naturam,
416 3261 481 3304 esse
508 3261 638 3320 corpore,
661 3249 691 3302 et
714 3244 812 3312 inane,
832 3262 962 3322 quaeque
987 3244 1034 3306 ltin

159 3346 306 3406 accidant.
349 3344 409 3402 Sed
432 3362 484 3402 nos
504 3360 572 3403 cum
598 3341 734 3414 dicimus,
749 3345 861 3402 Natura
887 3350 1032 3413 constare,

160 3441 411 3518 administrarique
435 3445 591 3513 mundum
613 3463 672 3502 non
692 3444 735 3501 ile
760 3443 894 3512 dicimus,
918 3449 949 3501 ut
972 3445 1032 3520 gle-

161 3541 237 3614 bam,
250 3551 300 3606 aut
321 3543 515 3620 fragmentum
538 3543 654 3620 lepidis,
677 3551 728 3603 aut
750 3542 861 3620 aliquid
880 3542 1035 3621 ejnsmodt,
