2558 4198
255 325 320 388 334
411 295 417 306 '
505 314 551 366 ns
569 315 711 366 aarum
727 303 873 373 osonum
910 381 914 390 Ι

135 467 146 481 ‘
253 457 330 526 ludis
363 463 530 540 Olympiae,
565 465 723 526 memoriae
761 463 906 540 proditum
933 469 988 524 ast.
1030 455 1137 544 Saepe.

253 565 422 628 Faunorum
435 583 528 625 voces
542 565 709 636 exauditae,
723 581 811 640 saepe
832 563 916 622 visae
938 566 1048 626 formae
1061 570 1130 627 deo-

254 683 328 733 rum,
352 665 485 742 quemvis
509 671 642 725 nonant
665 666 812 733 hebetem,
836 668 886 722 aut
904 665 1035 739 impium,
1057 668 1129 727 deos

223 759 421 842 8praesentes
446 783 510 824 esse
529 762 662 823 confiteri
684 761 854 839 oodgeront.
905 763 1127 824 Praedictiones

255 883 337 932 vero,
358 871 389 922 et
409 863 630 939 praesensiones
654 880 749 922 rerum
771 862 929 921 suturarum
944 863 1022 939 -quid
1045 865 1125 924 aliud

254 939 416 1033 decretalis,
441 963 498 1023 nisi
525 961 691 1022 hominibus
711 960 776 1031 ¹⁰⁸,
802 979 876 1037 quae
902 962 975 1031 sint,
1001 965 1127 1036 ostendi,

254 1063 418 1132 monstrari,
440 1063 583 1138 portendi,
610 1059 768 1136 praedici?
787 1079 825 1119 ex
848 1077 905 1135 quo
930 1060 983 1119 illa
1004 1069 1129 1133 ostenta,

254 1170 393 1232 monstra,
417 1168 561 1238 portenta,
585 1161 716 1238 proligia
742 1161 887 1219 dicuntur.
929 1163 1016 1236 Quod
1039 1164 1066 1222 si
1093 1181 1129 1223 ea

254 1262 324 1322 ficta
338 1263 485 1332 credimus
511 1261 633 1320 licentis
655 1261 827 1330 fabularum,
855 1258 1021 1334 ‘Mopsum
1045 1263 1132 1322 Tire·

253 1361 338 1431 siam,
366 1363 588 1436 Amphiaraum,
616 1360 821 1428 calchantem,
854 1360 1022 1431 Helenum3
1055 1379 1130 1437 quos

253 1465 353 1521 tamen
367 1479 489 1538 augures
504 1479 542 1520 ne
566 1461 648 1536 ipsae
668 1459 785 1534 quidem
809 1459 925 1518 fabulae
944 1459 1132 1531 ascivissent,

253 1561 280 1621 si
308 1581 354 1620 res
375 1562 495 1621 omnino
521 1562 725 1637 repudiarent:
760 1577 799 1618 ne
823 1559 991 1618 domesticis
1013 1559 1131 1636 quidem

253 1663 398 1737 exemplis
422 1661 540 1732 'docti
564 1679 673 1720 numen
699 1662 818 1719 deorum
852 1657 1128 1735 comprobabi-us?

253 1762 328 1822 nihi!
347 1781 400 1820 nos
425 1763 459 1821 P.
480 1761 608 1822 Claudii,
623 1761 702 1812 bollo
716 1761 830 1812 Punico
852 1760 956 1827 primo,
979 1760 1130 1816 temeritas

253 1859 396 1925 movebit,
419 1856 469 1932 qui
493 1855 583 1914 etiam
608 1873 659 1927 per
672 1854 775 1928 jocum
794 1853 865 1911 deos
896 1851 1030 1924 irridens,
1058 1873 1126 1916 cum

251 1973 348 2017 caven
363 1955 479 2014 liberati
502 1956 573 2036 pulli
598 1973 656 2013 non
679 1959 874 2028 pascerentur,
897 1953 1011 2030 'mergi
1031 1975 1082 2015 eos
1096 1959 1129 2018 in

252 2072 356 2132 aquam
371 2055 468 2128 jussit,
489 2055 676 2119 ut'biberent,
689 2055 828 2128 quonism
842 2072 905 2114 esse
930 2058 1053 2114 nollent.
1078 2056 1128 2133 qui

251 2157 335 2221 risus,
348 2157 443 2214 classe
463 2153 592 2221 devicta,
617 2156 721 2211 moritus
742 2155 799 2228 ipsi
825 2155 969 2223 lacrimas,
990 2173 1127 2232 magnam

252 2257 360 2332 populo
375 2255 509 2313 Romano
522 2254 636 2312 cladem
656 2253 762 2312 attulit.
806 2252 909 2328 Quid?
929 2257 1044 2329 collega
1065 2255 1127 2330 ejus

253 2355 359 2414 Junius
373 2357 477 2414 eodem
489 2357 567 2414 bello
581 2373 679 2413 nonne
694 2359 868 2427 tempestate
881 2357 1006 2412 classem
1020 2355 1127 2424 amisit,

253 2471 321 2514 cum
342 2455 479 2528 auspiciis
511 2474 569 2514 non
599 2451 761 2530 paruisset?
798 2455 900 2529 itaque
919 2453 1126 2513 'Claudiusa

253 2558 362 2631 populo
388 2559 599 2614 condemnatus
626 2561 687 2625 ast;
719 2554 824 2612 lunius
844 2571 956 2641 ¹necem
979 2553 1037 2612 sibi
1063 2555 1127 2628 ipse

284 2732 296 2765 ⁴
310 2747 342 2786 aa,
352 2747 408 2804 assae
418 2732 472 2792 ιίιιι]
488 2731 575 2794 quoties
585 2731 628 2802 hoc
638 2731 690 2790 legi,
701 2730 763 2778 venit
773 2730 795 2778 in
805 2737 902 2778 mentem
912 2730 1020 2802 excidisse
1029 2730 1129 2838 smum

254 2805 295 2838 mss
314 2793 416 2838 malsnms
434 2807 448 2836 e
465 2791 651 2852 praecedentibus
666 2805 743 2838 rerum
751 2791 894 2848 futurarum
911 2791 1052 2852 rotellrgere,
1067 2805 1096 2850 qu

253 2855 329 2898 canen
340 2851 415 2898 durius
425 2857 465 2907 est.

177 2939 180 2948 “
266 2986 272 2999 ·
283 2930 295 2962 ⁵
309 2929 419 2985 Mopsum,
428 2929 553 2998 'Tiresiam
564 2929 618 2990 etc]
636 2921 660 2975 ni
668 2927 789 2976 accusativi
799 2943 812 2974 e
821 2926 1003 2998 fietcuessdimsss
1012 2927 1127 2998 pendent:

253 2989 363 3095 &rigatam
373 2989 482 3035 credemus
493 2989 610 3048 Mopsum,
621 2995 663 3034 etc.
682 3002 733 3034 mox
749 3002 790 3048 pro
806 2988 952 3044 repudsarent
969 2987 1047 3032 malam
1062 3001 1129 3044 repas·

283 3125 295 3158 ⁶
309 3126 376 3186 doctr]
396 3141 425 3173 se.
437 3105 485 3172 esse
494 3125 551 3173 tales
560 3123 736 3188 praedictiones:
751 3125 835 3173 inrstra
844 3125 882 3174 hic
890 3125 964 3174 haesit
972 3128 997 3172 st
1012 3121 1129 3172 laboravit

253 3183 289 3232 vir
298 3185 376 3231 doctus
388 3185 502 3231 llulrerius.

283 3263 567 3324 lmergieoainapoch
598 3261 634 3310 Sis
644 3262 695 3310 libri
704 3277 788 3314 omnes.
805 3267 829 3310 at
845 3263 1128 3312 ueindehancconstrue·

253 3322 339 3370 tionem
350 3326 420 3370 firmat
432 3323 569 3369 Burmannus
580 3323 628 3370 Sec.
641 3322 669 3369 V.
680 3323 708 3370 C.
725 3323 821 3370 anthol.
864 3359 868 3368 ,
888 3325 905 3370 l.
922 3339 944 3384 p.
961 3326 1011 3370 394.
1027 3327 1129 3368 ceterum

253 3381 385 3490 :aselilsslffi
397 3383 451 3428 haec
462 3380 566 3430 verbss'n
575 3395 655 3442 apuam
664 3382 694 3430 de
703 3381 777 3442 glossa
786 3389 890 3442 suspecta
898 3383 974 3434 tuere:
988 3395 1029 3430 neo
1038 3389 1126 3438 metuo,

283 3517 294 3550 ⁸
309 3519 430 3588 Qtsudim]
449 3520 523 3567 delevi
533 3535 581 3569 cum
599 3521 694 3569 Davisio
703 3535 838 3584 praenomen
847 3521 873 3572 P.
890 3521 951 3586 quoti
962 3519 1060 3576 lnssllull
1074 3517 1127 3580 ΜΒ

253 3581 351 3638 asperat:
367 3579 431 3628 abest
439 3585 464 3629 et
473 3580 547 3632 Gurlt
556 3586 581 3630 st
589 3580 614 3634 ia
623 3596 694 3644 marc
704 3583 741 3632 sd.
752 3579 834 3636 inl.
