2548 4208
469 279 739 336 manauumuua.
986 283 1049 345 215

175 435 208 496 in
234 435 398 512 equuleum,
427 430 449 465 ¹⁸
466 430 576 490 retinet
608 428 685 509 [ipra
709 423 877 505 pmdentia]
906 430 1052 502 negatque

173 535 204 594 ei
236 552 304 594 eum
336 535 439 591 dolore
473 537 504 588 et
538 530 671 589 cruciatu
705 529 861 604 quidquam
888 545 952 584 aeae
974 541 1052 584 eorn-

174 651 272 694 mune.
314 631 358 690 Μ.
381 629 484 689 Facile
498 629 601 703 patior,
627 634 656 686 te
684 629 742 686 iulo
761 629 848 686 modo
868 643 973 700 agere:
994 621 1082 682 eteid

171 731 305 808 iniquum
318 736 364 788 eet
391 729 587 804 praescribere
616 727 689 787 mihi
719 736 748 785 te
773 725 1013 802 quemadmodum
1033 739 1053 780 a

172 848 221 890 me
234 829 375 901 disputari
387 829 471 887 velie.
514 829 575 886 Sed
587 845 702 904 quaero,
716 833 810 884 utrum
824 825 934 900 aliquid
954 829 1053 880 aulum

174 927 369 1003 superioribus
380 928 493 994 diebus,
502 944 539 984 an
556 926 629 985 nibil
644 921 837 984 arbitremur?
879 926 919 984 Δ.
942 924 1053 982 Actum

174 1044 258 1096 vern,
280 1032 312 1084 et
335 1027 514 1103 aliquantum
534 1027 661 1103 quidem.
704 1025 747 1082 Μ.
771 1023 872 1100 Atqui,
891 1022 917 1079 ai
941 1021 984 1078 ita
997 1023 1054 1088 eat,

174 1125 327 1202 profligata
347 1125 411 1197 jam
438 1127 523 1194 haee,
550 1132 581 1184 et
608 1142 704 1200 paene
730 1124 767 1180 ad
789 1123 902 1180 exitum
925 1121 1054 1180 adducta

176 1224 308 1302 quaeatio
334 1227 389 1280 eat.
434 1225 470 1282 Α.
503 1225 571 1297 Quo
597 1225 717 1282 taudem
747 1219 859 1281 modo?
902 1221 944 1279 Μ.
974 1220 1057 1300 Quia,

173 1327 269 1382 mutua
284 1322 453 1388 turbulenti,
467 1322 704 1398 jactationeaque
717 1323 881 1380 animorum
899 1320 1052 1416 inpitalae,

176 1428 208 1481 et
221 1423 331 1496 impetu
345 1420 564 1480 innonaideratu
578 1424 684 1489 elatee,
699 1422 843 1480 rationem
867 1437 985 1478 omnem
1009 1437 1051 1478 ra·

176 1523 331 1597 pellentes,
360 1520 442 1578 vilae
466 1522 570 1577 beatae
598 1522 708 1578 nullam
737 1529 847 1592 partem
878 1518 1051 1592 relinquunt.

175 1619 240 1696 quie
253 1620 334 1677 enim
348 1625 454 1692 puteat,
468 1626 591 1676 mortem
613 1623 662 1674 aul
677 1620 807 1700 dolorem
831 1623 973 1682 metuens,
985 1633 1052 1692 quu-

176 1736 239 1778 rum
253 1720 376 1776 alterum
399 1735 488 1792 saepe
511 1717 604 1785 adem,
618 1719 741 1775 alterum
761 1734 876 1788 semper
894 1715 1053 1788 impendet,

176 1835 243 1877 euae
258 1835 316 1875 uon
338 1815 447 1876 miser?
466 1819 545 1892 quid,
570 1817 596 1874 ai
609 1817 690 1875 idem
709 1813 798 1891 (quod
819 1817 985 1890 plerumque
1006 1811 1053 1892 fit)
1080 1874 1085 1884 ,

173 1921 385 1994 paupertatem,
405 1916 607 1992 ignominiam,
621 1916 771 1974 infamiam
792 1916 885 1984 timet,
899 1915 926 1972 ai
949 1914 1052 1972 dabili-

175 2019 277 2082 tatem,
290 2015 474 2084 eaecitatem,
488 2017 514 2074 si
540 2015 677 2091 denique,
701 2017 776 2091 quod
791 2033 852 2074 non
866 2015 987 2090 singulis
1002 2016 1052 2072 bu·

175 2115 312 2184 minibus,
326 2117 378 2174 aed
393 2115 559 2190 potentibus
573 2115 687 2190 populia
706 2113 728 2146 ¹⁹
737 2133 826 2189 saepe
846 2115 981 2189 contigit,
994 2131 1052 2172 aer·

175 2214 436 2289 vitutemapoteat
465 2232 503 2273 ea
523 2215 629 2272 limena
656 2233 721 2272 eree
748 2215 898 2290 quiequam
930 2209 1052 2271 malua?

176 2311 265 2386 Quid,
288 2312 418 2389 quinon
443 2315 529 2373 modo
550 2331 586 2371 ea
609 2314 704 2372 lutura
729 2315 823 2382 timet,
839 2333 939 2374 verum
961 2315 1052 2374 etiam

172 2411 229 2468 lert
242 2411 425 2485 auatinetque
445 2412 611 2484 praesentia
623 2409 643 2480 i,
655 2414 730 2468 adde
744 2415 848 2472 eodem
861 2416 978 2483 exsilia,
991 2417 1052 2472 lue·

176 2512 234 2574 tue,
247 2508 395 2564 orbitates.
437 2509 497 2581 Qui
511 2512 596 2567 rebua
609 2509 655 2566 hia
677 2510 785 2568 lraetua
804 2513 986 2586 aegritudine
1000 2513 1052 2571 eli·

178 2605 266 2673 ditur,
281 2611 377 2680 potent
391 2606 510 2665 tandem
522 2625 587 2666 erae
602 2625 660 2666 non
675 2608 851 2667 miaerrimua
866 2608 878 2668 l
898 2611 965 2685 quid
981 2629 1053 2670 vero

177 2803 322 2870 videmus,
335 2804 436 2862 omniu
458 2803 558 2862 rabide
586 2812 772 2880 appetentem
793 2825 859 2864 uum
880 2808 1054 2881 inexplebili

178 2902 352 2976 eupiditate,
384 2919 497 2978 qunque
531 2904 697 2962 affluentius
730 2908 896 2978 voluptates
927 2907 1052 2982 undique

178 3000 305 3070 hauriat,
332 3020 368 3060 eo
398 3004 516 3078 gravius
540 3003 745 3079 ardentiuaque
768 3003 927 3072 sitientem,
955 3025 1053 3066 nonne

178 3106 263 3160 reete
279 3101 471 3162 miserrimum
484 3100 619 3164 dixeris?
638 3104 706 3178 quid
728 3106 821 3164 elatua
845 3106 896 3164 ille
921 3106 1054 3177 levitate,

172 3199 316 3276 inanique
332 3200 444 3259 laetitia
457 3204 619 3271 exsultans,
633 3209 664 3261 el
678 3208 787 3262 temere
800 3205 940 3280 gentiana,
954 3223 1053 3266 nonne

182 3411 190 3424 ·
208 3353 230 3387 ¹⁸
243 3355 380 3416 rdinum
389 3358 528 3421 prudentia]
559 3359 596 3406 die
605 3373 682 3406 omnen
698 3359 757 3406 libri.
789 3360 833 3407 seu
849 3361 960 3409 mundat
974 3362 1053 3424 utique

179 3426 227 3472 apuu
235 3417 367 3472 muman.
378 3417 512 3479 videturque
521 3433 535 3464 e
544 3419 693 3481 nuperioribur
703 3419 828 3480 repetitum.
840 3422 901 3468 uncia
911 3421 997 3470 incluti.

180 3491 229 3600 u:
242 3505 304 3602 2:2²⁶
312 3495 413 3558 ΜΨ]
431 3496 474 3546 boe
483 3497 563 3546 melina
573 3498 666 3570 vulgatu
677 3498 791 3558 managu.
808 3503 833 3548 et
842 3500 866 3548 id
875 3501 898 3550 iu
907 3501 966 3552 Μ...
977 3515 1052 3564 repet.
