2552 4208
374 300 378 304 ’
434 335 534 388 urana
548 333 712 390 aurnum.
961 341 1019 402 161
1060 373 1063 378 .

148 447 266 562 lataque
293 483 404 553 flueret,
425 483 645 560 permanavisse
666 482 739 544 mibi
759 481 920 543 rideturiu
942 482 1021 544 banc

148 584 304 644 civitatem
312 604 325 642 x:
347 585 433 660 idque
447 600 515 643 cum
535 583 704 658 conjectura
723 583 871 657 probabile
885 587 940 652 ert,
960 590 1022 644 tum

113 667 115 670 ⁵
147 684 320 760 quibasdam
344 682 434 740 etiam
449 681 582 758 vestigiis
605 683 758 742 indicatur.
780 683 844 759 quis
865 683 946 742 anim
965 688 1021 754 est,

148 783 199 858 qui
214 786 305 856 putet,
327 797 395 840 cum
421 781 536 840 llorerat
555 779 626 861 ³[iu
648 778 749 860 ltalia]
771 781 900 840 Graecia
921 787 1020 856 poten·

147 880 269 940 tissimis
282 885 312 938 et
323 880 459 940 maximis
473 881 599 950 urbibus,
613 899 658 949 ea,
673 899 747 958 quae
758 898 864 956 magna
877 881 1021 951 dictarat,

148 978 182 1038 iu
196 980 298 1056 bisque
318 971 440 1054 numum
462 981 554 1056 ipsius
578 981 773 1058 Pythagorae,
786 981 895 1039 deiude
919 984 1022 1054 pmtea

148 1077 399 1153 Pythagoreorum
413 1085 526 1138 tontum
550 1097 658 1140 nomen
679 1085 767 1148 esset,
790 1084 951 1138 nostrorum
971 1079 1023 1136 bo·

63 1211 71 1222 κ
148 1177 262 1238 minum
286 1179 324 1236 ad
351 1195 449 1243 eorum
471 1178 654 1238 doctissimas
678 1196 769 1238 voces
796 1195 880 1236 aures
905 1181 1021 1238 clamas

148 1275 262 1337 luisse?
303 1277 473 1350 Quinetiam
492 1275 622 1346 arbitror,
636 1284 752 1354 propter
772 1278 1022 1354 Pythagoreorum

148 1377 382 1444 admirationem,
395 1377 522 1434 Numam
529 1395 642 1453 quoque
656 1395 764 1452 regem,
774 1378 1021 1454 Pythagoreuma

148 1475 354 1550 posterioribus
372 1475 580 1534 existimatum.
595 1494 662 1535 nam
676 1494 743 1534 cum
767 1477 951 1551 Pythagorae
965 1478 1022 1536 dia·
1040 1505 1050 1520 ·

149 1574 291 1648 ciplinam
324 1580 355 1632 et
383 1573 517 1632 instituta
542 1580 763 1648 cognoscerent,
793 1577 925 1648 regisquo
959 1575 1021 1646 ejus
1060 1617 1067 1644 ,

149 1673 337 1746 aequitatem,
350 1679 380 1730 et
400 1671 606 1744 sapientinma
631 1672 786 1746 majoribus
809 1673 869 1731 auis
892 1673 1022 1746 accepia·
1045 1743 1053 1754 Ι

149 1776 227 1840 rent,
249 1778 360 1830 aetates
380 1778 479 1829 autem
506 1777 689 1845 attempero
712 1771 879 1846 ignorarant
906 1776 1023 1846 propter

149 1877 336 1939 vetustatem,
349 1889 425 1938 eum,
440 1871 489 1946 qui
511 1871 656 1946 sapientia
683 1873 854 1940 excelleret,
874 1871 1021 1946 Pythago·

148 1989 198 2030 rae
212 1973 372 2030 auditorem
391 1971 481 2030 luisse
502 1971 696 2042 crediderunt.
738 1971 776 2029 Et
800 1973 837 2029 de
850 1961 1054 2046 conjecturat)-

149 2071 266 2148 quidem
286 2073 438 2130 hacteuus.
479 2071 618 2146 Vestigia
644 2078 744 2130 autem
762 2072 1021 2147 Pythagoreorum,

150 2188 322 2246 quamquam
344 2174 436 2230 multa
459 2171 562 2246 colligi
583 2179 712 2244 possum,
727 2161 827 2244 paucis
847 2178 946 2230 tamen
960 2177 1021 2230 ute·

151 2285 223 2337 mur,
237 2270 374 2344 quoniam
396 2288 455 2328 non
470 2271 499 2330 id
524 2271 618 2345 agitur
637 2272 693 2330 boc
719 2277 857 2345 tempore.
871 2289 941 2330 uam
953 2289 1021 2330 cum

150 2369 326 2426 carminibus
340 2370 420 2428 soliti
433 2371 477 2428 illl
492 2387 556 2426 esse
575 2370 711 2428 dicantur
724 2377 755 2428 et
766 2377 922 2444 praecepta
935 2388 1022 2445 quae·

150 2468 218 2524 dam
232 2467 378 2524 occultius
396 2469 520 2538 tradere,
531 2473 561 2526 et
575 2475 688 2526 mentes
702 2487 768 2526 suas
782 2470 1023 2544 acogitationum

150 2563 326 2632 intentione,
338 2573 439 2633 cantu,
451 2567 609 2641 fidibusque
620 2569 657 2624 ad
669 2568 908 2642 tranquillitatem
927 2572 1021 2628 tradar·

150 2680 230 2731 cere,
249 2662 440 2737 gravissimus
461 2671 562 2722 auctor
585 2666 629 2744 in¹
645 2665 813 2740 Originibus
832 2666 911 2726 dixit
935 2669 1021 2738 Cato,

150 2779 260 2821 morem
281 2763 358 2836 apud
372 2762 494 2838 majores
519 2764 596 2820 bunc
618 2767 767 2838 epularum
779 2767 877 2834 luisse,
889 2773 922 2824 ut
940 2767 1022 2825 deiu-

146 2872 230 2934 ωερε,
250 2862 298 2936 qui
319 2863 506 2930 accubarent,
529 2868 668 2920 canerent
695 2865 732 2920 ad
757 2864 858 2922 tibiam
877 2868 1022 2924 clarorum

150 2961 277 3019 virorum
290 2963 397 3028 laudes,
411 2967 497 3034 atque
510 2959 641 3020 virtutes.
652 2980 689 3020 ex
701 2981 757 3037 quo
771 2964 952 3038 perspicuum
966 2970 1036 3033 est,.

151 3065 181 3118 et
201 3057 323 3117 ‘cantus
345 3067 405 3119 tum
419 3059 505 3118 luisse
521 3062 673 3135 rescriptor
689 3080 795 3120 vocum
808 3063 897 3133 sonis,
912 3069 942 3121 et
960 3081 1022 3121 car·

179 3221 191 3256 ³
204 3222 231 3269 ln
241 3221 318 3284 ltalia]
335 3221 371 3270 hic
381 3223 475 3284 primunr
486 3239 522 3270 me
539 3223 632 3270 offendit
646 3239 763 3272 concursus
773 3227 867 3274 duorum
884 3226 1024 3291 laetame-

150 3305 191 3338 Μ
206 3287 335 3332 verborumz
347 3287 433 3334 ,deiude
443 3287 588 3334 redundantia
600 3289 663 3346 hujus
673 3289 773 3336 nominis.
786 3305 836 3337 unm
844 3291 900 3341 illud
911 3295 1020 3340 Graeciae

151 3355 258 3407 additum,
270 3367 302 3408 er,
312 3367 367 3411 qnae
377 3369 457 3412 mogun
475 3355 533 3400 dictu
553 3360 590 3408 ert,
609 3356 662 3401 satir
672 3357 790 3404 (lactariam
806 3357 828 3404 in
838 3368 937 3406 extrema
954 3359 1024 3406 ltalia

150 3410 263 3468 distinguit
272 3411 299 3457 ub
309 3413 388 3458 altera.
422 3413 491 3472 igitur
500 3414 556 3461 illud
566 3415 593 3461 in
604 3414 670 3462 ltcls‘c
678 3417 780 3463 lorteeat
789 3431 803 3463 a
813 3418 946 3476 glosratore..

180 3489 191 3522 ⁴
205 3494 283 3536 cuntem
294 3490 370 3546 sulam
389 3492 503 3547 rescriptor
522 3507 599 3540 cocum
614 3495 680 3557 amur]
697 3496 812 3552 rescriptor
828 3497 910 3544 babent
921 3497 978 3546 Mas.
996 3503 1022 3546 a

153 3547 203 3593 add.
215 3553 271 3594 vett.
281 3549 382 3609 probol.
395 3551 432 3596 l'r.
445 3551 553 3598 Gronovii
564 3555 724 3602 correctionem
731 3555 1025 3616 conquassarentur,

156 3611 175 3654 l.
186 3607 293 3663 descripto
300 3609 329 3654 od
338 3609 450 3658 tibicinam
461 3617 535 3660 comta

194 3705 336 3748 uon-xa.
587 3688 659 3751 lt*
