2552 4208
462 341 753 396 msassacuunus.
997 353 1058 416 lta

187 493 281 562 rebus,
308 509 369 552 non
393 493 486 550 solnm
512 481 615 560 dubii,
642 491 733 552 slmlli
756 493 946 554 contentione
967 496 1059 556 animi

186 591 378 650 resistendum
393 597 447 650 est.
460 592 699 651 naesssdesalt:
720 592 811 652 libido
832 593 1006 656 concitatio.
1026 598 1059 656 ln

186 693 312 750 eandem
325 707 423 748 arcam
436 691 663 766 confugiendum
678 697 724 750 est
738 713 745 750 ι
774 695 878 753 cadem
898 701 966 756 suut
979 711 1062 754 arms

186 792 337 849 sumenda.
357 791 410 848 sed
423 790 560 868 quoniam
573 792 611 850 de
624 792 723 851 dolose
737 793 889 869 loquimus,
905 794 958 854 illa
975 794 1060 854 omit·

186 897 292 948 tamus.
306 891 346 948 ad
366 889 516 950 terendum
529 891 618 965 igitur
630 893 763 952 dolorem
776 893 892 966 placida
905 898 936 952 et
948 895 1060 964 sedate,

187 987 208 1022 '⁸
218 989 374 1062 plurimum
388 990 510 1064 prolicit,
525 995 589 1050 toto
602 996 777 1065 pectorum
789 992 907 1059 dicitnr,
918 991 1059 1066 cogitare,

186 1105 274 1162 quam
286 1087 317 1145 id
339 1089 492 1148 honestum
506 1090 551 1148 eit.
577 1107 675 1148 sumus
694 1091 775 1148 euim
797 1095 908 1158 natura,
935 1096 968 1149 ul
987 1095 1058 1148 anta

185 1186 250 1244 dixi
264 1184 434 1264 (dicandum
447 1194 492 1246 est
507 1189 587 1248 enim
601 1186 730 1268 saepius)
744 1189 958 1256 studiosissimi,
971 1206 1059 1264 appe·

186 1285 400 1363 tentissimique
415 1289 584 1346 honestatis.
599 1290 684 1362 cujus
697 1289 816 1365 siquasi
829 1292 927 1348 lumen
941 1289 1059 1365 aliquod

186 1387 503 1459 adspexesimns,nil1il
524 1393 579 1456 est,
600 1389 686 1463 quod,
708 1394 741 1447 ut
761 1405 799 1446 eo
822 1389 975 1463 potiamur,
997 1407 1058 1448 non

186 1486 279 1560 parati
292 1487 381 1544 simus
396 1491 427 1544 et
440 1486 525 1553 lona,
545 1490 577 1544 et
590 1487 713 1560 perpeti.
728 1503 768 1544 ex
782 1489 839 1546 hoc
862 1492 1058 1562 annuatque

186 1584 296 1658 impetu
312 1585 474 1642 animosum
488 1584 525 1640 ad
547 1601 648 1642 ves-am
670 1586 794 1652 laudem,
815 1592 902 1660 atque
924 1586 1058 1642 honesta·

186 1687 256 1750 tem,
269 1685 321 1741 illa
335 1683 464 1758 pericula
478 1683 621 1740 adeuntur
640 1683 671 1740 iu
693 1683 822 1758 proeliis,
846 1701 905 1742 non
927 1683 1058 1741 sentiunt

186 1781 243 1839 viri
256 1783 344 1840 instes
359 1783 390 1840 in
410 1782 476 1842 acie
490 1782 622 1851 vulnera,
645 1780 676 1814 ¹⁰⁰
685 1785 733 1840 vel
747 1782 773 1840 si
787 1783 926 1852 sentiunt,
939 1801 971 1842 se
985 1782 1059 1842 mort

183 1884 306 1954 malunt,
321 1901 406 1956 quam
421 1889 532 1942 tantum
543 1884 631 1942 modo
643 1883 681 1942 de
693 1881 846 1958 diguitatis
856 1885 947 1958 gradu
960 1883 1058 1942 demo·

186 1980 260 2040 veri.
302 1982 464 2056 Fulgentes
489 1983 602 2058 gladios
629 1983 756 2042 hostium
788 1984 930 2042 sistebant
958 1981 1059 2052 Decii,

185 2097 253 2138 cnm
266 2081 298 2138 in
312 2081 407 2140 aciem
428 2099 528 2140 sorum
551 2082 707 2142 irruebant.
728 2083 774 2141 luis
795 2085 916 2142 levabat
939 2097 1058 2142 omnem

185 2182 340 2238 vulnerum
353 2187 462 2242 metum
486 2183 623 2241 nobilitas
637 2184 746 2252 mortis,
760 2189 791 2243 et
803 2185 905 2260 gloria.
926 2183 1014 2244 'num
1024 2189 1058 2243 tu

184 2277 362 2352 ingemuisse
375 2279 609 2352 Epaminondam
629 2289 723 2355 putus,
742 2299 809 2344 cum
830 2301 888 2343 una
901 2301 969 2344 cum
991 2303 1057 2344 sun·

185 2377 275 2449 guina
302 2377 395 2434 vitam
422 2379 539 2435 effluere
576 2379 723 2437 sentiret?
756 2381 949 2455 imperantem
976 2385 1058 2443 enim

187 2471 310 2548 patriam
325 2475 568 2532 Lacedaemoniis
583 2477 772 2550 relinquebat,
793 2499 878 2554 quam
902 2487 1057 2557 acceperat

187 2570 375 2626 servientem.
390 2571 464 2628 haec
485 2578 551 2630 suut
564 2575 676 2644 solutis,
692 2575 765 2634 haec
785 2578 914 2638 tomenta
933 2597 1056 2640 summo·

187 2685 249 2727 rum
266 2669 405 2726 dolorum.

228 2770 331 2832 Dices,
342 2769 410 2844 quid
425 2767 455 2826 in
471 2767 566 2841 pace?
586 2771 653 2844 quid
669 2772 771 2832 domi?
799 2775 867 2848 quid
879 2776 910 2833 in
926 2778 1035 2836 lectulo
1045 2775 1056 2836 l
1066 2789 1108 2848 25

185 2869 222 2926 sd
239 2867 425 2942 philosophos
440 2885 487 2924 me
506 2885 636 2936 revocas,
655 2870 704 2944 qui
726 2871 756 2928 ln
780 2872 874 2930 aciem
896 2892 953 2931 non
968 2891 1056 2950 saepe

185 2968 337 3042 prodeunt.
379 2967 405 3025 Ε
430 2967 533 3042 quibus
560 2967 646 3026 homo
673 2970 843 3028 sanelevis
865 2973 1055 3034 Heracleotes

185 3067 358 3142 Dionysius,
384 3083 450 3124 cum
479 3084 497 3124 a
531 3068 653 3127 Zenone
683 3070 764 3128 iustis
795 3089 860 3130 essa
894 3073 1055 3146 didicisset,

214 3221 236 3254 ⁰⁹
250 3223 377 3279 plurimum
395 3221 483 3280 produt
500 3247 508 3258 ·
528 3248 537 3258 ·
553 3223 656 3286 cogitare]
673 3225 755 3273 offeudi
765 3226 817 3274 olim
828 3227 850 3275 in
862 3230 912 3283 hoe,
926 3229 1055 3292 conjeeique

184 3281 297 3386 conglutit:
315 3283 355 3328 sed
365 3295 408 3328 non
419 3288 453 3329 sst
462 3296 524 3344 opus.
541 3298 592 3330 usus
608 3285 697 3344 proficit
707 3285 787 3334 cicero
796 3292 820 3334 et
835 3303 877 3350 pro
890 3289 977 3346 produt
989 3289 1053 3338 dixit.

185 3356 206 3386 V.
247 3356 282 3388 RV.

184 3477 189 3489 Ι
213 3421 243 3452 ¹⁰⁰
262 3421 473 3490 usllsiamtiuutna
488 3422 546 3468 omi
562 3423 604 3528 mi}
635 3424 671 3472 stc
687 3425 737 3472 edd.
761 3431 848 3475 veteres
863 3433 887 3474 el
908 3427 955 3476 Ms.
977 3429 1051 3478 tlnalt'.

180 3483 237 3524 itam
247 3493 333 3526 mursae
350 3482 444 3528 mutant.
478 3481 549 3528 Aldus
567 3483 589 3528 iu
606 3485 653 3530 unit
670 3485 783 3543 vulgatum
801 3488 882 3535 hodie:
898 3489 933 3536 uel
946 3489 1054 3550 tendunt,

182 3537 220 3584 ud
229 3539 286 3583 mma·
295 3539 398 3586 usuluut:
421 3539 479 3599 quod
491 3539 581 3602 probari
592 3558 634 3588 tlon
645 3551 725 3603 potest.

212 3615 221 3648 ¹
242 3630 292 3664 cum
303 3621 328 3664 tu
344 3641 354 3653 ·
372 3641 381 3656 ·
395 3618 472 3680 putus]
490 3623 517 3666 tu
526 3633 568 3681 pro
577 3621 670 3682 vulgato
681 3631 731 3672 tum
740 3624 811 3674 edidit
822 3627 926 3677 Davisius
936 3627 1001 3677 bens.
