2538 4188
441 305 541 356 LIBER
555 305 704 356 inactus.
950 315 1017 378 448

144 467 223 512 nus:
253 459 356 532 quarta
378 453 458 514 Jove
482 461 553 514 nats
576 461 606 514 et
629 455 778 532 corypne,
798 455 914 516 Oceani
937 459 1014 532 nlla,

143 571 229 629 quam
253 556 385 613 Arcades
409 553 558 614 ”Uoriam
577 555 740 624 nominant,
761 561 790 613 et
813 555 1015 631 quadrigarum

142 652 342 712 inventricem
366 655 477 712 ierunt:
499 651 600 731 quinis
629 655 781 718 Pallantis,
803 674 877 732 qnae
902 665 1015 729 patrem

140 753 251 810 dicitur
263 753 455 822 interemisse,
472 754 670 829 virginitatem
684 771 766 816 soem
782 755 893 813 violare
907 771 1014 816 conan-

140 857 216 911 tem:
239 853 287 910 cui
297 851 319 886 ⁸⁷
328 855 593 928 pinnarumtalsris
608 856 737 930 affigunt.
767 853 882 927 Cupido
896 856 1013 928 primus,

140 949 289 1010 Mercurio
302 960 331 1010 et
356 953 456 1012 Diana
478 955 570 1027 prima
593 961 677 1012 nolus
699 953 823 1010 dicitur:
858 957 1012 1024 secundos,

140 1049 287 1109 Mercurio
315 1060 345 1110 ct
370 1054 489 1112 Venere
512 1056 656 1114 secunda:
701 1053 791 1112 ertins
820 1053 939 1127 quidem
966 1059 1012 1113 est

142 1149 278 1216 Anteros,
296 1153 390 1209 lliarte
405 1159 436 1210 et
457 1155 576 1212 Venere
591 1153 688 1212 tertis.
731 1151 829 1226 Atque
854 1153 927 1212 haec
951 1153 1011 1228 qni-

138 1251 204 1308 dem
218 1253 358 1326 rjnsmorli
373 1257 521 1312 ex‘vetere
536 1253 683 1312 Graeciae
696 1253 772 1309 tama
786 1255 911 1311 collecta
924 1260 1009 1312 sunt:

138 1351 238 1424 quibus
265 1351 407 1426 intelligis
435 1355 627 1411 resistendum
649 1371 723 1420 csse,
746 1355 783 1410 ne
808 1355 1030 1438 perturbentur·

138 1450 303 1524 religiones.
346 1452 447 1509 Vestri
463 1459 566 1509 autem
581 1469 639 1510 non
653 1454 741 1510 morlo
764 1453 838 1509 haee
853 1470 910 1510 non
926 1453 1009 1510 retel-

137 1549 209 1615 lunt,
224 1567 324 1608 verum
338 1549 428 1607 etiem
442 1551 623 1617 confirmant,
637 1551 865 1624 interpretando,
874 1544 1009 1625 qnorsum

135 1648 261 1724 quidque
290 1649 443 1721 pertineat.
476 1650 535 1706 Sed
555 1665 593 1706 eo
613 1649 688 1724 jam,
713 1651 790 1707 unde
815 1651 872 1706 huc
885 1649 1007 1724 digressi

135 1765 242 1811 sumus,
262 1752 451 1804 revertamur.

176 1847 257 1900 Num
271 1861 375 1900 censes
388 1845 477 1920 igitur
500 1845 650 1905 subtiliore
671 1845 784 1904 ratione
797 1863 869 1920 opus
889 1863 954 1904 esse
968 1847 1004 1906 cd
1016 1867 1058 1928 24

133 1945 209 2002 haec
225 1942 407 2004 refellenda?
423 1963 490 2003 nam
500 1951 638 2014 mentem,
649 1947 744 2012 fidem,
755 1965 846 2020 spem,
858 1946 1004 2019 virtutem,

133 2043 283 2111 honorem,
299 2044 461 2112 victoriam,
484 2048 616 2114 salntem,
637 2047 834 2115 concordiam,
848 2054 1003 2124 ceteraque

133 2143 284 2216 ejusmodi,
298 2161 390 2201 rernm
416 2144 477 2202 vim
499 2147 607 2204 habere
626 2147 769 2216 videmus,
790 2165 849 2204 non
872 2149 1002 2206 deorum

135 2243 197 2300 Aut
210 2242 288 2300 enim
303 2245 332 2308 in
347 2243 492 2300 nobismet
514 2245 613 2302 insunt
628 2246 707 2318 ipsis,
724 2253 754 2303 ut
768 2265 861 2313 mens,
875 2254 905 2303 ut
921 2247 1002 2317 fides,

132 2339 152 2372 ⁸⁹
164 2349 192 2398 ul
206 2359 282 2414 spes,
292 2349 323 2399 ut
340 2341 441 2406 virtus,
455 2347 486 2397 ut
500 2341 674 2398 concordis:
696 2351 745 2400 ant
759 2347 904 2416 optandae
918 2346 1002 2405 nobis

131 2446 207 2506 sunt,
222 2446 251 2498 ut
265 2442 366 2507 honos,
388 2445 420 2500 nt
444 2441 532 2505 salus,
554 2423 592 2496 nt'
610 2439 743 2496 victoria.
764 2457 883 2513 quarum
907 2462 1003 2504 rerum

131 2542 257 2598 utilitate
281 2542 369 2598 virleo
389 2541 478 2598 etism
496 2546 668 2598 consecrata
697 2539 860 2597 simulacra.
903 2542 1001 2612 Qnsre

132 2647 229 2698 autern
243 2640 272 2698 in
288 2641 333 2698 his
348 2641 392 2697 vis
407 2641 525 2697 deornm
540 2639 622 2708 insit,
635 2637 724 2698 ”tom
747 2638 921 2714 intelligam,
933 2657 1002 2700 oum

130 2755 307 2814 cognovero.
349 2741 416 2812 Quo
434 2740 466 2796 in
481 2755 594 2813 genere
604 2741 654 2796 vel
669 2739 797 2798 maxime
811 2746 856 2796 rst
871 2740 1002 2798 Fortuna

132 2841 326 2898 numeranda:
358 2851 445 2914 quam
458 2856 545 2897 nemo
558 2839 595 2895 ab
615 2837 823 2905 inconstantia,
837 2844 868 2894 et
887 2839 1001 2897 tomeri-

130 2945 191 2997 tate
204 2941 355 3015 seJunget:
385 2958 458 3015 quae
472 2941 561 3014 digna
575 2945 656 2997 certe
672 2956 729 2996 non
745 2944 812 2996 sont
825 2940 890 2996 deo.
931 2939 1000 2998 Jam

131 3039 285 3114 veroquid
309 3053 361 3098 vos
382 3038 432 3096 ills
455 3040 585 3096 delectat
605 3038 767 3112 explicatio
786 3038 955 3104 tabularum,
968 3043 1000 3098 et

130 3138 269 3212 errodstio
283 3133 455 3196 nominem?
483 3143 634 3196 exsectum
650 3156 667 3195 a
683 3137 744 3196 filio
768 3138 901 3206 (ioelum,
917 3137 999 3196 vinc·

158 3271 181 3304 ⁸⁰
196 3272 305 3334 Corium]
322 3272 368 3319 Ms.
378 3272 451 3321 Gneli.
461 3272 554 3329 corion,
565 3274 636 3320 forms
643 3272 738 3324 Graeca,
749 3277 774 3318 nt
784 3276 808 3318 et
816 3271 867 3320 edd.
879 3273 996 3334 quaedam.

158 3351 182 3386 ⁸¹¹
194 3366 216 3408 ρ.
233 3351 315 3398 lnlnrm
324 3351 428 3414 smum]
453 3353 504 3400 edd.
517 3353 577 3400 Vint.
590 3352 698 3410 nimico.
711 3352 832 3410 qffingrrnl.
844 3352 903 3413 quod
914 3354 996 3413 placet.

156 3427 179 3462 ⁸⁸
193 3433 220 3476 al
234 3431 289 3492 spes]
308 3431 351 3475 hoc
360 3430 423 3476 abest
432 3447 447 3477 a
458 3431 514 3478 Mn.
531 3431 670 3494 quibusdam.
680 3429 748 3476 etism
766 3431 841 3477 (lnelt.
852 3431 912 3476 unde
921 3431 999 3479 delent

127 3487 248 3560 ⁸walkerus
259 3496 282 3535 et
294 3488 405 3560 navatus,
420 3490 490 3559 etiarn
501 3491 523 3536 in
533 3489 609 3552 primis
618 3489 671 3549 qula
679 3503 699 3536 c.
710 3492 745 3535 so.
757 3503 806 3560 spes
816 3495 859 3536 non
869 3497 999 3558 numeratur

127 3547 235 3652 ingementes,
251 3563 309 3610 qnae
318 3549 382 3595 nobn
397 3553 472 3606 rnsrnt,
481 3551 520 3597 sed
531 3563 588 3610 quse
599 3553 728 3608 optentura
739 3547 793 3597 Das.
805 3564 848 3596 non
866 3555 998 3610 musgrave

154 3681 176 3717 θ’
190 3689 239 3732 turs
248 3685 381 3746 imsllrkam,
392 3701 443 3735 mm
453 3687 585 3748 mmmm]
604 3678 708 3746 srigidh
718 3634 769 3736 ion
786 3687 877 3737 videtur
886 3693 910 3736 et
919 3687 996 3735 obam-
1050 3659 1053 3668 η
