2538 4188
463 261 562 319 marla
577 261 727 318 sanutus.
971 268 1036 334 457

165 421 319 482 videmus:
341 417 423 492 Spei,
446 419 565 486 Salutis,
591 417 674 492 Opis,
697 411 851 474 Victorias
871 413 994 474 facultas
1018 431 1038 477 a

164 522 222 580 diis
236 519 402 592 expetenda
421 524 474 576 est.
517 517 715 592 improborum
730 517 816 592 igilur
832 516 1039 590 prosperitates

165 621 370 693 secundaeque
395 636 440 676 res
463 619 638 692 redarguunt
658 612 703 694 (ut
727 617 879 692 Diogenes
906 611 1038 694 dicebat)
1136 677 1137 691 ,

164 719 229 777 vim
255 721 372 776 omnem
393 719 512 775 deorum
539 733 575 774 ac
603 723 786 790 potestatem.
830 716 873 774 At
895 702 1089 774 nonnum-3⁷

163 835 249 894 quam
264 821 354 875 bonos
369 817 464 875 esitus
477 818 587 874 habent
608 815 686 876 boni.
727 817 786 874 Eos
808 815 925 890 quidem
938 812 1038 888 arripi·

162 933 237 985 mus,
251 917 489 992 attribuimusque
502 917 567 974 sine
582 919 641 974 ulla
661 914 774 972 ratione
799 915 855 972 diis
869 911 1037 972 immortali·

161 1015 226 1075 bus.
282 1019 323 1074 'At
346 1015 501 1090 Diagoras,
528 1033 595 1074 cum
630 1013 863 1073 Samothraciam
895 1014 1038 1084 venmsst,

164 1116 279 1175 Atheos
294 1117 345 1173 ille
359 1118 407 1192 qni
428 1117 545 1182 dicitur,
558 1122 643 1190 atque
658 1113 688 1172 ei
707 1113 824 1192 quidam
840 1113 960 1180 amicus,
976 1113 1037 1182 To,

161 1215 210 1290 qni
224 1218 294 1272 deos
310 1223 392 1289 putas
407 1216 534 1274 humana
548 1216 707 1290 negligere,
729 1233 828 1272 nonne
853 1214 1037 1272 animadver-

162 1314 210 1382 tis,
222 1333 260 1372 en
275 1321 319 1373 tot
343 1316 449 1374 tabulis
465 1317 560 1390 pictis,
573 1335 658 1392 quam
683 1315 766 1373 multi
781 1315 857 1372 votis
884 1315 944 1372 vim
966 1321 1039 1374 tem·

160 1415 284 1488 pestatis
303 1415 467 1490 effugerint,
488 1417 519 1473 in
535 1424 703 1490 portumque
726 1413 803 1472 salvi
825 1408 1037 1488 pervenerint?

158 1509 240 1570 ¹⁹lla
267 1515 315 1580 sit,
334 1513 436 1587 inquit.
464 1514 509 1570 illi
526 1515 605 1571 enim
629 1531 781 1596 nusquam·
797 1513 867 1586 picti
888 1517 964 1577 sunt,
987 1509 1037 1585 qui

158 1612 311 1681 naufragia
325 1611 466 1676 iecerunt,
481 1611 512 1667 in
537 1612 665 1686 marique
688 1613 844 1683 perierunt.
887 1611 1037 1683 idemque,

162 1721 228 1764 cum
244 1707 272 1762 ei
284 1706 435 1780 naviganti
449 1715 594 1777 vectores,
609 1711 731 1766 adversa
753 1713 926 1781 tempestate
942 1705 1038 1764 limidi

162 1809 191 1862 et
208 1804 361 1877 perterriti,
375 1806 517 1870 dicerent,
533 1826 590 1864 non
611 1808 717 1880 injuria
732 1807 788 1863 sihi
809 1806 880 1862 illud
893 1805 1038 1874 accidere,

163 1903 212 1978 qui
222 1904 306 1960 illum
320 1903 351 1960 in
372 1906 496 1960 eandem
512 1923 619 1962 navem
632 1905 830 1976 recepissent:
851 1904 978 1961 ostendit
994 1903 1038 1963 eis

162 2001 195 2060 in
207 2004 311 2059 eodem
324 2019 410 2060 cursu
425 2005 529 2060 multas
544 2005 617 2060 alias
632 2005 795 2061 laborantes
809 2023 822 2062 ε.
838 2005 1042 2079 quaesivitque

164 2117 236 2161 num
250 2102 339 2160 etiam
355 2103 437 2160 iniis
452 2104 575 2160 navibus
599 2102 757 2178 Diagoram
782 2105 852 2162 vehi
876 2105 1039 2160 crederent.

163 2199 219 2258 Sic
239 2202 318 2257 enim
333 2221 421 2259 resse
437 2205 533 2270 habet,
548 2209 578 2259 nt
598 2205 633 2259 ad
650 2207 824 2277 prosperam,
845 2204 1040 2260 adversamve

163 2298 316 2366 loctunam,
335 2301 427 2372 qualis
442 2301 492 2366 sis,
506 2307 555 2357 aut
570 2305 811 2374 quemadmodum
828 2303 948 2370 vixeris,
965 2301 1041 2360 nihil

163 2395 288 2454 intersit.
332 2399 399 2455 Non
421 2399 668 2465 animadvertunt,
681 2399 785 2473 inquit,
803 2401 900 2455 omnia
925 2403 980 2458 dii:
1003 2417 1042 2459 no

163 2513 247 2570 reges
261 2496 387 2571 quidem.
430 2498 508 2569 Quid
523 2506 567 2557 est
582 2495 700 2556 simile?
735 2499 832 2573 Reges
847 2499 965 2556 enimsi
985 2499 1043 2557 sci·

164 2602 249 2653 entes
265 2597 506 2667 praetermittunt,
529 2617 635 2673 magna
657 2601 743 2671 culpa
762 2609 816 2655 est.
860 2601 900 2656 At
925 2601 1040 2656 deone

166 2697 320 2753 excusatio
333 2696 449 2770 quidem
474 2703 519 2753 est
543 2698 728 2755 inscientiae.
771 2701 866 2771 Quem
882 2716 934 2754 vos
961 2699 1095 2772 prae-38

166 2796 246 2854 clare
267 2795 433 2858 ‹telenditia
453 2813 520 2852 cum
535 2798 643 2864 dicitis,
657 2815 721 2854 eam
738 2797 798 2853 vim
822 2800 942 2854 deorum
965 2813 1038 2866 esse,
1140 2783 1147 2794 ’

165 2900 207 2960 ut,
226 2896 315 2954 etiam
330 2894 356 2950 si
370 2893 433 2966 quis
455 2903 546 2950 morte
572 2913 680 2967 poenas
700 2895 819 2952 sceleris
833 2895 973 2970 effugerit,
989 2913 1040 2953 ex·

169 2999 307 3066 petantur
320 3011 373 3048 eae
389 3009 499 3063 poenae
514 3009 530 3048 a
547 2993 653 3058 liberis,
669 3012 686 3050 a
701 2995 865 3066 nepotibus,
878 3012 895 3050 a
907 2995 1038 3067 posteris.

165 3089 193 3149 Ο
216 3090 317 3146 miram
342 3090 518 3164 aequitatem
536 3093 677 3150 deorum!
701 3093 841 3150 Ferretne
857 3096 915 3151 ulla
928 3085 1039 3153 civitas

163 3189 286 3247 latorem
300 3189 463 3246 istiusmodi
478 3191 559 3265 legis,
574 3199 604 3248 ut
628 3195 870 3251 condemnaretur
888 3194 974 3264 tilius,
988 3198 1039 3252 aut

87 3279 96 3300 ⁸
164 3301 266 3358 nepos,
280 3287 306 3343 si
320 3294 410 3361 pater,
424 3296 473 3348 aut
483 3307 555 3348 avus
569 3289 760 3366 deliquisset?

195 3441 216 3474 ¹⁹
230 3439 267 3488 Itn
285 3443 320 3496 su.
331 3442 347 3489 ι’.
358 3442 397 3488 illi
406 3443 491 3551 animq
517 3446 621 3494 Davisius
631 3448 728 3494 malebat
744 3445 813 3494 eMs.
831 3447 937 3506 Regilli
952 3454 1034 3500 ortem.

166 3499 290 3557 Vulgarum
302 3502 358 3548 hene
369 3502 443 3554 lrahet.
493 3521 556 3554 cneus
566 3515 600 3553 eat
612 3527 617 3554 ε
634 3508 688 3554 Mos
698 3508 730 3553 ita
740 3509 790 3560 lert,
801 3513 825 3554 ut
835 3508 890 3552 salvi
908 3508 1034 3568 pingantur.

165 3558 302 3622 itaqueinde
313 3561 343 3608 nil
352 3561 455 3612 concludi
463 3571 544 3626 potest.
555 3567 654 3626 namqui
663 3567 758 3628 periere,
767 3581 812 3616 non
824 3567 951 3630 pinguntur.

205 3641 278 3684 VOL·
292 3642 346 3684 XV·
