2538 4188
215 275 279 335 436
470 269 516 318 nt:
531 269 671 319 Narone
686 269 831 320 DEORUM

214 424 307 486 estet
320 418 398 492 apud
411 435 473 487 nos,
494 424 525 476 ut
548 437 605 496 ego
629 420 812 494 interpretor,
833 423 915 478 tucos
936 419 1078 478 Furinae:

215 516 321 578 Purise
341 519 415 576 dese
434 523 511 585 sunt,
534 522 752 594 speculatrices,
777 522 875 600 credo,
898 526 929 576 et
949 519 1080 578 vindices

214 618 377 676 facinorum
396 623 426 674 et
447 615 577 676 sceleris.
629 619 715 691 Quod
741 620 767 676 si
791 621 866 677 tates
886 619 928 677 dii
952 625 1027 687 sunt,
1050 624 1083 678 ut

215 718 301 775 rebus
311 716 443 776 humanis
466 716 620 778 intersint:
649 719 742 776 Nstio
760 736 873 794 quoque
887 720 944 776 des
957 721 1084 793 putanda

215 823 278 874 est:
308 816 366 884 cui,
389 834 457 875 cum
476 818 544 876 tenu
567 817 725 877 circuimus
738 817 860 894 infagro
875 817 1008 886 Ardeati,
1022 835 1084 876 rem

215 915 348 976 divinam
362 917 458 976 iacere
471 919 604 975 solemus.
617 935 692 992 quac
702 919 771 992 quia
784 925 878 991 partus
888 924 1084 976 matronarum

216 1021 339 1084 tuentur,
353 1035 372 1074 a
395 1017 580 1076 nascentibus
602 1017 694 1074 Natio
718 1018 867 1075 nominata
890 1023 945 1073 est.
987 1017 1034 1074 Es
1055 1017 1083 1074 si

215 1117 272 1172 des
285 1122 348 1183 esta
375 1117 417 1175 dii
438 1133 539 1174 omnes
553 1116 608 1183 itti,
620 1117 669 1190 qui
683 1117 984 1174 commemorobsntur
1001 1133 1019 1173 a
1044 1123 1083 1184 te,

215 1215 327 1282 Bonus,
348 1213 448 1282 Fides,
477 1215 573 1282 diens,
596 1203 773 1274 concordie
793 1234 864 1290 ergo
884 1216 973 1274 ctiam
998 1217 1082 1289 Spes,

214 1312 345 1380 Moneta,
359 1315 523 1388 omniaque,
544 1331 619 1388 quoe
633 1314 811 1388 comisatione
834 1313 855 1347 θ’
866 1315 1008 1372 nobismet
1023 1314 1081 1387 ipsi
1124 1339 1134 1362 .·

214 1429 361 1485 possumus
374 1413 489 1488 tingere.
502 1414 578 1488 quod
593 1415 617 1470 si
629 1413 786 1472 venstmtte
801 1431 861 1471 non
874 1420 937 1470 ests
958 1433 995 1471 ne
1009 1413 1082 1470 ittud

164 1522 203 1579 19
214 1511 330 1588 quidem
343 1519 397 1578 cst,
409 1515 482 1569 haec
497 1514 573 1570 unde
587 1514 741 1570 tinxerunt.
783 1513 861 1586 Quid
876 1519 973 1570 sutem
987 1512 1083 1570 dicis?

214 1612 240 1668 si
251 1611 292 1669 dii
306 1613 437 1678 suetidi,
451 1629 520 1684 quos
534 1613 657 1670 colimus
680 1611 701 1643 ⁵⁸
711 1618 740 1668 et
759 1612 938 1682 accipimus:
957 1627 1010 1669 cur
1023 1629 1082 1668 non

215 1713 319 1769 eodem
331 1712 360 1770 in
375 1731 482 1787 genere
498 1714 630 1786 Serapim
641 1713 767 1785 lsimque
782 1709 991 1769 numeremus?
1009 1712 1085 1787 quod

215 1811 387 1881 atracinus,
409 1831 460 1870 cur
475 1815 658 1870 barbarorum
671 1813 741 1870 deos
766 1809 971 1884 repudiemus?
992 1812 1081 1868 boves

216 1910 313 1984 igitur,
326 1919 356 1969 et
370 1931 468 1986 equos,
483 1913 554 1979 ibes,
577 1911 743 1985 accipitres,
762 1911 888 1984 aspidas,
911 1909 1081 1977 crocodilos,

214 2008 319 2082 pisces,
328 2026 427 2076 canes,
443 2014 534 2083 topos,
548 2012 629 2077 fetes,
644 2011 747 2066 multas
762 2015 909 2082 praeterea
929 2010 1034 2074 beluas,
1048 2008 1080 2064 in

125 2099 126 2102 ’
214 2107 333 2164 deorum
347 2124 466 2164 numero
488 2121 668 2180 reponemus.
684 2127 757 2183 quae
782 2109 808 2165 si
831 2107 1003 2182 rejiciamus,
1028 2106 1081 2166 itta

215 2221 327 2280 quoque
354 2207 431 2264 unde
463 2207 535 2264 haec
571 2213 640 2264 ueto
677 2214 755 2276 sunt,
785 2207 959 2282 rejicicmus.
999 2205 1079 2278 Quid

213 2300 345 2360 deiude?
377 2305 442 2371 Ino,
455 2305 510 2364 des
528 2305 651 2376 dicetur,
665 2325 738 2382 quse
760 2307 931 2366 Leucothea
953 2322 971 2362 a
991 2305 1080 2362 Grae-

214 2401 299 2468 cis,a
323 2403 406 2462 uobis
431 2403 546 2464 Matuta
568 2401 684 2476 dicitur,
705 2423 772 2466 cum
796 2405 835 2462 sit
861 2404 969 2464 Cadmi
999 2401 1082 2462 otia?
1177 2397 1180 2400 ’

216 2501 304 2562 Circe
328 2508 435 2574 sutem,
459 2510 492 2562 et
520 2505 675 2579 Pasiphsii,
698 2505 760 2563 ⁵²et
789 2507 864 2573 Aee,
890 2523 907 2560 e
935 2504 1084 2572 Perseide,

217 2603 331 2660 Occasu
356 2604 424 2670 titia,
450 2609 544 2671 natae,
564 2609 645 2676 petro
667 2605 746 2671 Soio,
765 2604 796 2661 in
820 2605 940 2661 deorum
964 2619 1083 2660 numero

180 2747 188 2758 .
215 2717 276 2758 uon
300 2698 503 2760 habebuntur?
523 2718 694 2777 quamquem
721 2703 830 2760 Circen
850 2720 962 2777 quoque
985 2701 1083 2761 coloni

216 2802 307 2860 nostri
322 2800 505 2861 Circeieoscs
516 2800 649 2876 religiose
663 2803 771 2860 colunt.
811 2801 890 2875 Ergo
903 2803 981 2860 hano
995 2803 1080 2860 deam

216 2903 301 2960 dicis.
351 2899 428 2972 Quid
462 2897 588 2958 Medeae
621 2899 828 2974 respondebis?
862 2917 936 2975 quae
970 2901 1082 2958 duobus

216 3001 291 3070 uvis,
314 3001 392 3066 sote,
406 3003 437 3056 et
451 2999 581 3067 Oceano,
598 3001 693 3058 Aeeta
712 3005 802 3074 putre,
816 3003 907 3058 matre
922 2999 1008 3073 Idyia
1022 3015 1084 3074 pro·

159 3145 162 3154 ’
246 3157 270 3192 ⁵⁷
286 3131 391 3204 coiisset
399 3155 461 3216 ipsi]
477 3153 647 3213 Sielegesdum,
663 3169 706 3201 non
715 3154 821 3202 mtumet
829 3153 890 3212 ipsis,
907 3154 974 3217 idque
988 3153 1080 3201 inMss.

216 3217 300 3278 reperit
311 3214 422 3264 Davisius.

240 3297 266 3400 Γ
281 3293 450 3366 meminimus]
481 3291 518 3339 Sic
527 3291 608 3341 rectius
617 3291 676 3340 Mss.¹
689 3291 807 3341 Davisiaui
815 3297 839 3339 et
848 3291 922 3340 Gneis.
938 3305 1005 3352 quum
1017 3293 1083 3352 vulgo

216 3369 238 3399 es
258 3367 388 3410 crememus.

244 3432 267 3464 ⁵⁹
280 3431 363 3492 etAee]
382 3431 514 3478 hocncmsn
528 3429 576 3478 sine
592 3429 660 3478 dnbio
677 3399 780 3477 vitiosum
790 3435 832 3478 est.
864 3429 977 3480 Hesiodus
995 3429 1082 3490 Theog.
1100 3441 1105 3450 '

216 3493 265 3534 957.
298 3488 378 3534 Circae
386 3495 409 3534 et
421 3490 545 3549 Pasiphaae
554 3489 618 3537 addit
632 3492 727 3546 Aeon,
736 3491 801 3542 unde
817 3491 854 3537 hic
864 3489 982 3547 legendum
993 3489 1083 3540 videtur

214 3552 236 3595 et
246 3547 328 3602 Aeetes,
335 3552 359 3590 et
369 3553 463 3606 postest
473 3547 569 3604 Medea,
578 3549 627 3596 avis
635 3548 688 3596 sote
696 3553 719 3595 et
729 3549 820 3598 Oceano
828 3555 853 3597 et
867 3550 935 3597 Aeeta
944 3554 1010 3611 patre
1020 3553 1082 3596 nats.
