2558 4198
423 320 431 332 ·
472 285 571 350 nrnnn
585 297 718 352 rrimus.
976 298 1040 372 307

107 461 109 467 ·
169 467 225 520 ms,
246 463 343 526 quum·
358 446 410 508 ille
426 449 528 508 tuerit
562 456 670 520 taurus,
703 448 857 527 quiverit
883 449 1040 528 Europum.
1109 527 1112 536 ,

168 553 239 610 Non
254 551 335 611 enim
355 552 412 610 hoc
433 553 500 610 loco
521 552 559 609 de
581 553 719 628 ingeniis,
738 558 787 612 aut
805 554 843 612 do
862 554 1041 613 orationibus

164 652 282 721 uostris,
300 651 352 708 sed
367 651 405 708 de
418 652 528 725 specie,
550 653 698 728 figuraque
712 653 866 729 quaeritur.
909 655 994 726 Quod
1014 652 1041 712 ri

164 749 276 826 tingere
297 749 391 819 nobis,
405 756 436 810 et
450 751 578 828 jungere
592 752 699 812 formes
721 753 860 811 velimus:
882 753 975 828 qualis
988 752 1039 810 ille

166 848 330 916 maritimus
366 851 475 911 Triton
508 853 644 929 pingitur,
680 853 848 912 nutantibus
870 850 1041 910 'invehens

164 951 272 1022 beluis,
286 952 432 1026 adjunctis
447 953 577 1012 humano
596 954 729 1028 corpori;
750 951 826 1012 nolis
848 947 935 1008 esse?
955 949 1041 1008 Diffi·

98 1053 101 1060 '
164 1050 217 1109 oili
227 1051 258 1110 in
273 1054 340 1111 loco
353 1071 461 1112 versor.
504 1053 559 1112 Est
579 1053 660 1112 enim
682 1054 729 1109 vis
750 1057 832 1110 tento
853 1055 985 1120 naturae,
1007 1055 1040 1110 ut

165 1151 254 1210 homo
268 1168 354 1209 nemo
368 1153 444 1210 velit
456 1152 515 1210 nisi
528 1153 656 1212 hominis
674 1151 779 1212 similis
801 1169 874 1210 esse.
904 1151 966 1212 ,Et
979 1149 1040 1227 qui·

164 1251 232 1310 dem
246 1251 366 1310 formica
388 1251 543 1311 formican-
579 1253 639 1310 Sed
661 1259 760 1312 tumeo
783 1253 866 1326 cujus
889 1247 1039 1310 nominor

164 1356 266 1426 quotus
287 1350 368 1410 eninr
388 1350 509 1426 quisque
536 1352 679 1412 formosus
708 1350 777 1412 esti
819 1353 947 1412 Athenis
971 1369 1039 1417 oum

163 1468 269 1519 essem,
284 1469 302 1508 e
315 1450 450 1526 gregibus
465 1452 643 1525 epheborum
658 1453 710 1510 vix
728 1453 836 1528 singuli
855 1453 1039 1528 reperieban-

166 1555 220 1610 tur.
236 1545 353 1620 Video,
367 1550 435 1626 quid
449 1550 588 1608 irriseris.
602 1552 654 1608 sed
669 1558 767 1609 tamen
781 1552 878 1627 iteres
892 1553 1037 1610 sehabet.

138 1683 143 1699 a
165 1653 285 1711 Deinde
297 1652 390 1720 nobis,
403 1651 453 1726 qui
466 1651 698 1708 concedentibus
709 1650 889 1724 philosophis
899 1651 1039 1726 antiquis,

163 1751 392 1811 adolescentulis
405 1751 595 1817 delectamur,
609 1751 698 1806 etium
714 1748 787 1807 vitia
801 1766 888 1824 scope
902 1751 1037 1824 jucunde

92 1847 94 1851 ’
164 1857 240 1909 sunt.
262 1841 390 1910 ¹Neurus
403 1850 435 1908 in
448 1849 573 1908 articulo
586 1849 668 1922 pueri
680 1847 865 1911 ’delectabat
881 1851 1035 1909 Alcaeum.

163 1956 194 2010 nt
208 1955 254 2010 est
272 1951 401 2025 corporis
415 1951 541 2018 maculo,
555 1965 676 2006 naevus.
692 1947 737 2028 illi
751 1954 849 2006 tumeo
864 1949 921 2007 hoc
936 1952 1035 2009 lumen

162 2051 325 2109 videbatur.
368 2050 405 2121 Q.
427 2048 560 2116 Catulus,
574 2047 659 2122 hujus
670 2049 812 2122 collegae,
832 2051 862 2106 et
884 2047 1035 2108 familiario

163 2149 254 2208 nostri
274 2156 367 2224 pater,
390 2148 500 2207 dilexit
518 2145 697 2223 municipem
722 2133 803 2206 tuum
824 2147 979 2208 Roscium:
1002 2147 1035 2208 in

164 2257 249 2326 quens
259 2249 351 2308 etiem
364 2249 436 2308 illud
446 2253 491 2307 est
505 2247 583 2324 eJns:

252 2404 413 2463 constiteram,
423 2404 563 2452 exorientem
573 2418 677 2452 euroram
689 2402 748 2450 torte
757 2403 865 2463 salutans.

312 2484 370 2530 Cum
379 2483 453 2532 subito
462 2499 477 2530 s
486 2483 552 2531 loeva
562 2484 656 2531 Roscius
666 2485 773 2532 exoritur.

206 2565 210 2572 ‘
251 2561 310 2610 Pace
321 2563 377 2610 nrllri
387 2562 462 2622 licent,
472 2563 587 2621 coelestes¹
598 2563 673 2610 dicere
683 2567 765 2622 vestro,

312 2642 421 2691 Mortalis
430 2642 488 2691 virm
497 2642 596 2704 pulcrior
605 2657 653 2692 erre
662 2643 714 2690 deo.

162 2783 250 2854 Huic,
263 2765 320 2843 deo
331 2765 465 2860 pulcrior.
478 2787 507 2841 et
521 2788 592 2852 erat,
606 2759 681 2842 siout
696 2783 783 2842 hodie
802 2787 856 2852 est,
878 2783 1033 2858 perversis·

162 2883 243 2942 simis
270 2885 372 2942 oeulis.
416 2884 494 2955 Quin
510 2880 621 2942 refert?
640 2882 666 2940 si
681 2883 737 2940 hoc
761 2882 856 2958 ipsum
870 2883 973 2941 salsum
988 2883 1034 2943 illi

162 2988 192 3042 et
203 2989 358 3040 venustum
373 2971 535 3040 videbatur.
577 2983 679 3041 Redeo
705 2983 743 3040 ml
770 2983 850 3051 deos,
878 3000 985 3058 ecquos
1006 2984 1085 3050 sim

161 3099 222 3142 non
238 3086 297 3140 tom
319 3081 478 3150 strabones,
500 3087 530 3140 ot
544 3085 675 3158 paetulos
689 3101 754 3140 esse
768 3081 966 3142 arbitremur?
985 3101 1033 3144 ec·

162 3201 231 3260 qnos
246 3199 374 3240 naevum
388 3180 516 3241 habere?
530 3201 636 3257 ecquos
651 3182 729 3250 silos,
744 3183 860 3252 flaccos,
874 3183 1033 3254 frontones,

161 3282 321 3356 capitones,
335 3299 409 3357 qune
433 3289 501 3342 sunt
522 3281 553 3341 in
573 3279 680 3350 nobis?
700 3299 737 3340 an
758 3281 857 3340 omnio
877 3284 1034 3342 emendato

160 3379 289 3441 inillis?
308 3383 394 3443 detur
407 3381 437 3440 id
452 3383 545 3442 vobis.
587 3383 666 3441 Num
681 3381 771 3440 etium
791 3386 836 3438 est
857 3397 915 3440 unc
941 3381 1033 3443 omni·

166 3543 172 3558 ¹
186 3537 198 3571 ⁸
212 3538 317 3586 inocicor
323 3537 404 3600 leton]
417 3535 443 3586 'r.
459 3535 527 3586 Clnr.¹
536 3537 558 3586 in
568 3537 676 3585 moriere·

92 3691 96 3696 .
189 3617 200 3652 ⁹
215 3615 441 3679 delectutAlcccurol
473 3617 528 3680 leg.
540 3617 664 3666 detractat.
676 3630 727 3665 nrm
738 3619 762 3665 et
770 3628 822 3666 nox
831 3619 865 3668 cst
875 3616 1002 3667 Mentor:
