2558 4198
221 361 286 424 822
469 349 515 400 na
534 345 674 400 aaroni
694 349 840 402 onnaurs

219 509 250 562 st
268 507 318 560 ant
339 501 540 564 Juventatam.
562 506 612 560 aut
636 502 844 577 Ganymedem
864 503 970 577 poeula
993 491 1094 562 minis·

220 607 361 660 huntam:
398 609 428 660 tu
456 605 563 667 autem,
592 601 728 674 Epicure,
756 603 824 676 quid
853 599 970 660 iacies?
998 621 1094 677 neque

219 701 309 769 enim,
323 701 399 760 uude
414 702 519 759 habent
544 700 600 758 ista
624 702 695 758 deus
721 706 795 768 tuus,
822 701 925 758 video:
948 717 1013 769 nee,
1027 719 1094 776 quo·

218 803 306 860 modo
334 806 438 860 utatur.
480 799 669 872 Locuptetior
697 800 785 874 igitur
812 801 962 858 hominum
991 806 1112 886 natura,

147 903 152 908 “
218 901 257 960 ad
271 902 355 959 beate
372 901 531 958 vivendum
546 905 600 965 est,
619 917 703 974 quam
724 899 851 966 deorum,
866 901 942 974 quod
965 899 1095 973 pturibus

218 1000 372 1076 generibus
385 999 487 1058 fruitur
500 999 691 1070 voluptatum.
736 1001 777 1057 At
803 1001 854 1056 has
870 998 996 1055 leviores
1010 998 1099 1066 ducis,

218 1102 393 1174 voluptates,
409 1098 512 1173 quibus
525 1098 607 1177 quasi
623 1097 752 1158 titittatio
773 1095 908 1175 (Epicuri
931 1098 1010 1155 enirn
1036 1099 1092 1155 hoe
1112 1153 1114 1158 ,

218 1201 339 1257 verbum
367 1197 425 1274 est)
446 1197 578 1264 sensibus
603 1197 764 1254 adhibetur.
807 1198 963 1272 Quousque
991 1193 1093 1256 indis?

217 1314 286 1357 nam
301 1296 387 1356 Philo
401 1297 490 1355 etiam
512 1302 611 1354 noster
624 1297 697 1352 terre
719 1313 777 1354 non
801 1302 921 1368 poterat,
943 1296 1093 1370 aspernari

217 1396 387 1470 Epicureos,
419 1396 530 1464 mottes,
560 1401 590 1452 et
618 1395 759 1452 detioatas
782 1398 952 1467 voluptates.
978 1411 1093 1452 summa

217 1496 297 1554 enim
312 1494 450 1553 memoria
464 1494 669 1570 pronuntiabat
687 1495 824 1568 plurimas
840 1494 959 1567 Epicuri
973 1499 1091 1552 senten·

217 1594 339 1663 tias,his
360 1594 431 1668 ipsis
452 1592 559 1661 verbis,
578 1594 680 1669 quibus
704 1600 786 1652 erant
807 1594 942 1666 scriptae.
984 1593 1092 1651 hietro·

216 1695 280 1752 dori
295 1712 374 1760 vero,
388 1694 437 1769 qui
451 1699 496 1751 est
524 1693 645 1766 Epicuri
668 1696 783 1768 collega
805 1693 978 1766 sapientiae,
1000 1695 1092 1750 multa

216 1794 432 1866 impudentiore
453 1795 604 1850 recitabat.
623 1786 749 1850 accusat
770 1793 850 1849 enim
877 1792 1090 1862 Timocratem,

215 1893 334 1950 tratrem
355 1909 448 1958 suurn,
465 1892 657 1958 Metrodorus,
672 1893 747 1967 quod
761 1885 874 1950 dubitet
888 1891 996 1959 omnia,
1016 1908 1091 1966 quas

214 1993 251 2052 ad
271 1993 387 2049 beatam
403 1992 496 2050 vitam
522 1993 697 2066 pertineant,
722 1997 825 2050 ventre
854 1992 972 2048 metiri:
994 2008 1089 2064 neque

214 2092 260 2164 id,
276 2093 367 2150 semet
394 2090 496 2158 ,dioita
516 2093 568 2150 sed
593 2090 718 2163 saepius.
761 2093 903 2149 Annuere
934 2095 964 2147 te
993 2083 1091 2150 uideo.v

214 2196 285 2250 nota
313 2191 392 2248 enim
416 2190 468 2248 tibi
492 2196 567 2248 sont.
609 2189 770 2248 Proterrem
793 2190 892 2257 titanos,
913 2190 937 2247 si
958 2207 1090 2264 negares.

215 2291 320 2364 Neque
334 2307 413 2350 nune
426 2291 616 2360 reprehendo,
630 2291 706 2366 quod
731 2291 769 2348 ad
791 2294 971 2365 voluptatem
991 2291 1091 2349 omnia

214 2389 394 2448 reserantur:
425 2389 484 2448 alia
508 2395 553 2448 est
574 2409 610 2448 aa
636 2390 787 2464 quaestio:
816 2392 867 2449 sed
894 2393 998 2460 doceo,
1018 2391 1089 2447 deos

214 2495 328 2546 vestros
352 2507 416 2548 esse
441 2489 600 2566 voluptatis
624 2496 780 2564 expertes:
802 2490 844 2547 ita
858 2495 957 2549 vestro
973 2490 1090 2564 =judicio

161 2595 200 2655 ss
217 2607 253 2646 ne
268 2589 368 2648 beatos
385 2589 510 2665 quidem.
554 2591 597 2648 At
610 2591 709 2646 dotore
725 2591 844 2648 vacant.
887 2588 981 2648 Satin’
996 2596 1041 2647 est
1059 2591 1090 2648 id

214 2686 281 2746 ³'ad
304 2689 385 2746 ittam
412 2689 609 2747 abundantem
637 2687 721 2748 bonis
743 2688 835 2746 vitam
868 2685 1089 2746 beatissimam?

216 2788 345 2864 Cogitat,
353 2788 497 2863 inquiunt,
512 2788 627 2845 assidue
643 2789 758 2846 beatum
773 2806 837 2845 esse
851 2789 994 2846 sehabet
1008 2787 1089 2846 enim
1112 2847 1116 2854 ,

214 2888 291 2948 nihii
319 2888 407 2955 aliud,
430 2889 506 2963 quod
530 2889 623 2962 agitet
651 2887 682 2946 in
706 2891 815 2946 mente.
865 2887 1090 2960 comprehende

214 2987 303 3064 igitur
326 2985 433 3056 animo,
460 2992 491 3045 et
515 3005 644 3061 propone
666 2991 735 3043 ante
763 2988 874 3056 oeulos,
897 2988 985 3045 deum
1012 2987 1088 3046 nihil

214 3086 293 3145 aliud
307 3086 338 3144 iu
357 3086 439 3144 omni
452 3085 635 3153 aeternitate,
648 3085 715 3154 nisi,
738 3085 815 3144 Mihi
830 3087 949 3161 putebre
963 3091 1026 3145 est:
1048 3092 1089 3158 et,‘

214 3185 280 3262 Ego
294 3187 394 3244 beatus
407 3203 479 3253 sum,
492 3185 680 3258 cogitantem.
722 3185 752 3242 N
754 3201 788 3244 eo
803 3192 902 3244 tamen
920 3186 1017 3253 video,
1030 3203 1089 3261 quo

214 3287 302 3346 modo
312 3303 371 3344 non
386 3289 521 3342 vereatur
534 3285 589 3342 iste
600 3284 672 3344 deus
686 3285 797 3354 beatus,
819 3304 856 3343 ue
870 3286 1006 3354 intereat,
1020 3303 1088 3346 oum

214 3384 280 3442 sine
311 3387 370 3444 ulia
389 3382 606 3444 intermissione
633 3385 761 3458 pulsetur
785 3385 1002 3462 agiteturque
992 3403 1088 3444 annur-

241 3559 314 3604 aaa
322 3560 564 3610 itlnmnhuudnntem-
574 3561 733 3623 atnam]
710 3560 747 3608 stc
763 3561 810 3610 Ma
822 3561 895 3613 Guelt.
912 3560 1089 3625 anseprand

214 3617 354 3684 pnsum.
364 3621 438 3668 sedet
450 3621 571 3678 adsedi.
582 3626 638 3672 aab.
650 3621 734 3671 habent
747 3621 819 3682 ittam⁸
