2552 4208
251 327 292 385 98
528 317 660 368 Tuscula
677 318 920 372 opinationum

251 485 364 526 eumrno
382 467 490 526 dolore.
531 467 619 544 Ergo,
639 468 743 543 inquit,
762 469 846 527 dotor
857 468 1008 528 dictumue
1031 467 1119 529 habet

250 567 383 626 laetitiae
409 570 482 642 ptus,
501 585 587 642 quam
608 568 768 626 molestiae.
810 568 899 626 Nunc
914 585 970 643 ego
984 585 1042 627 non
1058 587 1120 643 por·

251 685 324 735 auru,
338 672 450 725 tantum
474 667 631 735 hominem,
654 667 726 724 nihil
748 684 850 741 sapere
870 668 1044 726 diceresed
1067 684 1119 726 noe

249 769 287 824 ab
298 786 334 824 eo
348 767 471 824 derideri
487 773 565 840 puto.
581 784 636 841 ego
656 774 799 824 nummum
813 767 942 824 dotorem
962 763 1119 844 (nummum

249 872 345 926 autem
359 867 437 935 dico,
450 867 540 924 etiarn
564 866 589 923 si
609 867 713 924 decem
737 866 841 924 atomis
855 871 901 924 eat
920 865 1011 940 major
1030 861 1117 944 atine)

247 985 307 1024 non
328 965 470 1024 continuo
484 967 552 1024 dico
576 983 640 1026 eree
660 967 798 1024 brevem:
821 969 981 1042 muttoaqua
1004 981 1119 1040 poenum

247 1068 338 1124 bonos
354 1067 430 1125 viros
445 1067 605 1135 nominare,
619 1067 668 1142 qui
682 1069 952 1140 compturee·annoe
971 1065 1118 1123 doloribus

247 1168 391 1242 podagrae
406 1167 572 1224 crucientur
585 1166 729 1224 maximia.
749 1164 830 1224 ”aad
844 1166 932 1223 homo
942 1171 1024 1224 catos
1038 1181 1119 1222 num·

247 1285 333 1342 quam
360 1267 498 1324 terminat
522 1283 578 1324 nec
601 1265 818 1340 magnitudinis,
840 1283 897 1324 nec
920 1263 1116 1324 diuturnitati·

248 1367 374 1432 modum,
389 1370 420 1424 ut
434 1366 534 1434 eciam,
543 1365 615 1441 ,quiri
631 1383 772 1423 summum
785 1367 866 1423 dicat
878 1365 910 1424 iu
929 1366 1038 1433 dolore,
1048 1363 1117 1439 quid

246 1465 336 1524 breve
366 1466 397 1523 irr
425 1472 563 1540 tempora.
597 1465 788 1523 Omittamus
816 1467 893 1524 hunc
921 1466 1018 1540 igitur,
1041 1465 1115 1522 nihil

244 1583 359 1639 prorsus
373 1567 541 1624 dicentem:
562 1583 757 1641 cogamusque
774 1566 917 1632 confiteri,
931 1582 988 1622 non
1003 1583 1066 1622 erue
1080 1565 1117 1622 ab

246 1683 282 1722 eo
296 1667 403 1724 dotoria
418 1666 546 1724 remedia
561 1666 735 1740 quaerenda,
749 1665 798 1740 qui
822 1667 961 1732 dotorem,
975 1667 1115 1722 matorum

244 1767 373 1823 omnium
387 1767 548 1824 maximum
568 1765 686 1823 dixerit.
701 1766 835 1840 quamvie
849 1765 927 1822 idem
950 1765 1115 1844 forticulum

245 1882 278 1921 ee
303 1865 333 1921 in
360 1865 539 1931 torminibus,
554 1865 628 1922 etin
648 1865 808 1940 stranguria
828 1882 880 1923 aua
893 1866 1039 1938 praebeat.
1064 1863 1115 1922 ati·

247 1965 324 2020 unde
338 1963 484 2038 igiturest
498 1965 662 2037 quaerenda
687 1965 844 2027 medicina,
857 1969 888 2021 et
912 1964 1040 2022 maxime
1054 1963 1115 2039 qui·

245 2063 323 2130 (iem,
337 2063 371 2130 ei,
385 2061 452 2137 quid
480 2063 608 2120 maxime
632 2069 861 2121 cousentaneum
882 2063 930 2131 eit,
943 2061 1116 2138 quaerimur,

246 2160 342 2228 abiis,
366 2161 478 2234 quibua,
491 2163 566 2236 quod
591 2163 743 2221 uenenum
767 2165 814 2231 eit,
835 2181 977 2222 summum
992 2166 1118 2241 bonum;

246 2261 320 2334 quod
336 2268 427 2335 turpe,
449 2279 590 2320 summum
606 2263 721 2321 videtur
745 2266 861 2321 matum.
903 2264 958 2321 Hie
984 2268 1014 2320 tu
1034 2279 1115 2336 prae·

246 2360 374 2418 rentibus
388 2379 513 2435 gemere,
532 2368 562 2420 et
576 2368 606 2419 te
613 2363 729 2436 jactare
753 2379 811 2420 non
832 2363 951 2420 audebis
974 2363 1113 2436 protecto.

154 2499 157 2502 -
193 2469 233 2526 ρο
246 2461 378 2532 loquetur
391 2461 469 2518 enim
481 2479 579 2519 eorum
594 2479 669 2520 voce
684 2463 775 2520 virtue
788 2462 852 2535 ipsa
867 2471 972 2520 tecum.
1014 2460 1114 2531 Tune,

244 2577 310 2616 cunr
333 2578 435 2634 pueros
459 2563 693 2629 Lacedaemone,
717 2563 918 2620 adolescentes
946 2561 1115 2636 Otympiae,

242 2661 378 2718 barbaros
402 2661 433 2718 in
461 2679 549 2718 arene
577 2662 686 2720 viderie
713 2661 899 2736 excipientes
926 2660 1113 2735 gravissimae

242 2761 351 2839 pingas,
365 2766 395 2818 et
409 2761 533 2819 terentes
557 2762 686 2831 silentio,
706 2761 731 2819 ai
758 2767 787 2819 te
807 2762 879 2818 t'orte
903 2762 986 2818 dotor
1006 2760 1112 2835 aliquia

241 2861 419 2932 pervellerit,
440 2863 630 2930 exclamabis,
653 2866 685 2920 ut
706 2858 833 2920 mutiet?
854 2878 913 2918 uon
933 2865 1114 2928 constanter,

241 2965 272 3015 et
285 2961 384 3016 sedate
398 2961 471 3017 terea
487 2957 499 3018 i
516 2959 537 2993 ‘¹⁴
548 2961 611 3018 tieri
632 2979 691 3019 non
719 2966 835 3034 potest:
857 2964 958 3016 natura
983 2977 1042 3016 non
1063 2975 1113 3032 pa·

242 3058 319 3114 titur.
363 3058 469 3116 Audio.
496 3058 577 3132 pueri
601 3060 705 3127 terunt,
724 3059 816 3133 gioria
829 3059 925 3116 ducti:
948 3059 1045 3116 terunt
1063 3075 1114 3131 pu·

167 3219 198 3228 ,.
241 3159 309 3214 dore
331 3158 391 3225 atii,
406 3157 490 3214 multi
517 3163 615 3214 metu:
636 3163 667 3214 et
695 3162 792 3216 tamen
818 3175 959 3226 veremur,
987 3163 1019 3216 ut
1045 3157 1114 3223 hoc.

241 3259 316 3335 quod
351 3275 369 3314 a
396 3263 456 3314 tam
482 3256 588 3324 multia,
616 3263 646 3314 et
672 3259 747 3333 quod
773 3263 815 3316 tot
846 3257 919 3316 tocie
944 3257 1113 3332 perferatur,

272 3413 295 3446 ⁷³
309 3413 347 3459 red
356 3413 416 3457 tamn
425 3411 512 3472 cuntur]
529 3410 607 3458 metior
616 3412 644 3459 rit
661 3418 728 3470 mirra,
739 3413 798 3474 quod
810 3412 912 3460 Davisiur
922 3427 935 3458 e
944 3411 1021 3458 Nonio
1030 3411 1110 3458 edidit.

243 3485 293 3518 nam
304 3487 378 3517 rensus
388 3471 481 3531 requirit
493 3471 596 3518 cuttidru.
627 3473 686 3524 Quia
695 3478 721 3518 et
730 3473 752 3519 in
762 3473 808 3518 Ma.
820 3472 893 3519 Guett.
906 3471 987 3532 reperi,
998 3471 1080 3531 recepi.

236 3548 364 3662 swzfieri
378 3564 424 3596 ovo
440 3549 524 3611 potat]
555 3550 591 3597 stc
607 3551 665 3599 mss.
681 3551 931 3618 etiamuueuaeua.
953 3554 1009 3597 vett.
1041 3549 1110 3607 νοις.
