2548 4208
212 333 276 394 222
446 324 580 376 Tuscus,
601 323 843 392 ΟΗΔΕΒΤΙΟῌΠΜ

209 479 291 551 ptura
313 480 432 546 possunt
443 476 588 543 accidere,
603 482 775 549 potestesse
790 475 916 551 sapiens.
927 491 997 534 nom
1007 475 1084 536 haee

210 593 295 634 casus
310 575 455 647 importat,
469 575 517 650 qui
533 575 563 633 in
578 577 742 647 sapientem
754 581 852 654 potest
876 575 1031 634 incurrere.
1053 580 1095 634 at.

209 675 235 732 si
250 692 285 730 ea
296 676 371 730 mata
383 681 459 740 sant,
474 674 537 740 quis
552 681 646 747 potest
662 682 817 746 praestare,
831 674 995 748 sapientem
1010 692 1085 734 sem·

210 790 270 848 per⁸
278 774 393 829 beatum
408 773 479 838 iure,
493 791 559 830 cum
571 775 619 829 vet
634 774 664 830 in
676 775 811 832 omnibus
826 774 871 830 his
883 791 942 832 uno
955 780 1085 847 tempore

209 887 274 928 esse
290 869 405 943 possit?
447 873 472 928 N
476 889 515 928 oo
530 871 617 945 igitur
629 872 716 930 tacite
730 873 872 940 concerto,
885 891 977 947 neque
990 873 1082 930 Bruto

210 987 286 1037 meo,
301 988 395 1044 neque
415 970 616 1028 communibus
638 972 792 1045 magistris,
814 989 908 1046 neque
936 970 1084 1032 veteribus

210 1069 280 1136 iltis,
296 1070 458 1138 Aristoteli,
483 1072 655 1144 Speusippo,
677 1069 848 1136 Xenocrati,
870 1068 1033 1136 Polemoni,
1053 1071 1086 1126 ut

211 1185 278 1228 cum
293 1187 338 1236 ea,
357 1187 432 1244 quae
456 1187 541 1242 supra
555 1170 734 1236 enumeravi,
755 1169 785 1226 in
811 1169 895 1226 malis
921 1170 1086 1235 numerent,

212 1266 303 1326 iidem
316 1269 425 1334 dicant,
439 1286 554 1341 semper
574 1272 690 1324 beatum
704 1285 768 1324 esse
782 1267 1046 1341 sapientemquod
1060 1264 1086 1323 si

212 1365 314 1423 titulus
341 1365 389 1422 hio
416 1368 544 1424 deiectat
569 1366 693 1438 insignis
720 1373 749 1423 et
775 1369 884 1438 pulcer,
908 1367 1088 1440 Pythagora,

101 1539 106 1551 Ι
213 1465 347 1530 Socrate,
372 1465 495 1522 Platone
509 1464 706 1538 dignissimus.
721 1465 863 1523 inducant
876 1465 1016 1532 animum,
1029 1465 1091 1534 itta,

212 1579 332 1640 quorum
348 1565 503 1635 sptemture
522 1565 687 1638 capiuntur,
703 1564 790 1631 vires,
807 1563 1008 1628 valitudinem,
1028 1566 1088 1637 pul-

212 1664 397 1730 critudinem,
437 1662 569 1732 divitias,
609 1665 744 1732 honores,
776 1681 847 1737 opes
888 1670 1089 1732 contemnere,

213 1777 315 1835 eaque,
329 1781 403 1836 quse
431 1761 477 1820 his
505 1762 651 1820 contraris
675 1762 743 1830 sint,
770 1780 823 1836 pro
852 1761 945 1819 nihito
964 1762 1088 1820 ducere:

213 1866 276 1918 tum
292 1867 425 1933 poterunt
438 1861 599 1918 clarissima
619 1879 694 1918 voce
720 1861 856 1934 profiteri,
870 1879 902 1918 se
925 1879 1019 1935 neque
1034 1861 1089 1918 tor·

213 1967 303 2022 tunae
318 1964 437 2036 impetu,
450 1980 506 2020 nec
532 1962 724 2021 multitudinis
744 1962 894 2037 opinione,
908 1979 963 2019 nec
978 1963 1088 2030 dolore,

195 2047 309 2133 'neque
327 2062 495 2132 paupertate
511 2059 620 2126 terreri,
633 2060 789 2134 omniaque
810 2059 866 2116 sibi
891 2059 921 2116 iu
943 2075 1007 2116 sese
1023 2073 1088 2116 esse

215 2151 319 2232 posita,
330 2175 424 2232 neque
438 2175 502 2214 esse
515 2158 669 2232 quidquam
693 2166 776 2216 extra
798 2175 880 2216 suam
906 2162 1089 2230 potestatem,

217 2258 293 2332 quod
307 2253 417 2314 ducant
427 2256 459 2314 in
471 2257 562 2312 bonis.
601 2255 656 2314 ³⁸N
662 2275 765 2331 amque
780 2262 809 2314 et
824 2259 898 2314 haec
915 2255 1002 2331 toqui,
1015 2272 1090 2330 quae

217 2361 285 2412 sunt
296 2351 394 2430 magui
407 2355 559 2428 cujusdam
574 2361 605 2414 et
620 2357 672 2414 atti
689 2357 755 2424 viri,
772 2361 802 2413 et
815 2357 928 2422 eadem,
941 2372 1015 2430 quae
1030 2355 1091 2411 vut-

217 2472 280 2530 gas,
295 2454 325 2512 in
341 2455 424 2512 malis
438 2461 468 2513 et
483 2455 566 2512 bonis
588 2473 748 2524 numerare,
763 2456 887 2512 concedi
902 2456 983 2511 nutto
1005 2453 1092 2512 modo

217 2559 335 2628 potest:
357 2572 412 2627 qua
435 2555 528 2630 gioria
547 2561 709 2620 commotus
725 2554 867 2627 Epicums
891 2553 1030 2620 exoritur,
1042 2550 1093 2610 eui

218 2651 317 2719 etiam,
332 2655 356 2709 si
370 2653 425 2710 diis
441 2656 547 2726 placet,
562 2653 678 2710 videtur
698 2670 812 2726 semper
835 2651 954 2726 sapiens
980 2654 1091 2708 beatus.

219 2752 278 2809 Hic
292 2752 435 2825 dignitate
450 2752 535 2824 hujus
548 2752 712 2810 sententiae
727 2751 850 2826 capitur.
872 2753 923 2809 sed
935 2765 1092 2825 numquam

219 2851 248 2908 id
263 2851 384 2917 diceret,
395 2844 422 2907 'si
437 2849 498 2924 ipse
512 2869 543 2908 se
555 2851 677 2909 audiret.
691 2850 759 2926 quid
771 2855 816 2908 est
835 2851 925 2919 enim,
949 2849 1024 2923 quod
1039 2848 1091 2906 mi·

219 2968 273 3007 nus
288 2949 456 3017 conveniat,
471 2967 555 3024 quam
571 2956 601 3006 ut
623 2951 657 3018 is,
677 2949 790 3024 quiret
814 2965 965 3016 summum,
980 2949 1028 3004 vei
1048 2964 1092 3004 so·

219 3052 279 3106 lum
301 3051 407 3106 maium
419 3050 547 3105 dotorem
563 3067 626 3105 esse
647 3048 737 3118 dicat,
757 3049 835 3107 idem
854 3051 984 3114 censeat,
997 3044 1094 3108 Quam

219 3145 270 3205 troo
296 3164 379 3204 aanor
402 3152 443 3203 est
471 3155 622 3210 tumeam
643 3149 741 3204 ‹toture
768 3148 922 3213 crucietur,
949 3145 1093 3202 dicturum

220 3265 284 3305 esse
311 3241 497 3322 sapientem?
532 3245 601 3303 Non
621 3244 799 3320 igituri³ex
826 3246 948 3320 singuiis
971 3243 1093 3301 vocibus

250 3408 273 3442 ³²
288 3407 390 3470 Namque
401 3413 420 3456 et
428 3408 481 3456 iuis
495 3408 531 3455 i.-
560 3408 625 3454 nullo
634 3422 663 3454 111.
674 3408 757 3470 potest]
789 3408 826 3454 Sic
843 3377 924 3466 eoriigi
937 3402 1091 3455 1111111ῐῦ111-

219 3465 270 3520 sius,
281 3472 305 3513 et
315 3469 381 3514 habet
395 3471 437 3516 1111,
453 3483 498 3526 reg.
510 3467 559 3514 Par,
573 3469 649 3521 itaque
658 3483 706 3512 curu
721 3469 844 3515 alemanno
854 3467 922 3514 edidi.
947 3467 1008 3514 Nam
1020 3463 1091 3510 habet

107 3591 112 3602 1
222 3526 289 3572 etiam
301 3525 348 3573 Me.
359 3527 434 3574 Guelss
445 3527 482 3588 qui
493 3532 516 3572 et
527 3527 549 3573 in
560 3528 601 3572 tine
612 3527 679 3573 babet
689 3528 753 3574 auito
762 3542 791 3575 m.
803 3542 844 3588 pro
855 3528 947 3586 vulgato
956 3526 1005 3572 111111
1014 3538 1044 3570 m.

252 3605 274 3636 ³³
289 3616 316 3650 ess
325 3604 421 3664 stagaria
430 3606 528 3666 11111111]
544 3605 585 3654 int.
596 3607 719 3658 sententiis.
730 3620 775 3656 uon
784 3607 904 3678 rideudusr
914 3610 957 3666 est,
968 3619 996 3652 sn
1006 3602 1094 3663 pulcras
1184 3601 1190 3606 '
