2538 4188
489 357 587 408 urana
607 359 783 409 SECUNDUS.
986 369 1048 429 401

172 504 1050 585 Μωψωωωῶηαπωὼωψηωῂ

172 603 229 662 -bua
255 603 413 676 sepiuntur.
456 605 587 664 Primum
608 606 687 664 enim
708 609 863 681 superiora,
887 611 1048 682 superciliis

175 703 312 769 obducta,
326 703 459 762 sudorem
473 721 490 760 a
504 705 610 778 capite,
625 711 655 763 et
668 724 685 762 a
705 707 799 782 lmute
817 709 992 766 defluentem
1006 727 1048 768 re-

175 803 299 871 pellunt.
341 801 445 860 (ienae
468 803 575 861 deinde
599 806 636 862 ab
657 805 792 864 interiore
817 813 898 880 parte
919 812 1047 866 tutantur

107 899 1047 978 ‘sQQMdmmwmmmmm.qummmm

175 1001 229 1065 est,
244 1003 274 1056 ut
298 990 378 1074 qnasi
394 1007 489 1060 murus
503 1004 596 1061 oculis
617 1004 789 1075 interjectus
814 1021 878 1060 esse
904 1004 1045 1064 videatur.

177 1096 303 1154 Auditus
317 1105 412 1158 autem
427 1119 541 1175 semper
554 1108 644 1177 patet.
659 1102 722 1175 ejus
744 1101 823 1160 enirn
845 1119 931 1160 seusu
955 1103 1045 1162 etiam

176 1197 1044 1277 mmmmmmmsmommwmedmmma

109 1295 1044 1360 ·mmwmmmmemm

173 1396 232 1462 bet,
247 1415 284 1452 ne
308 1397 376 1471 quid
399 1397 505 1456 intrare
527 1401 626 1474 possit,
643 1400 668 1458 si
692 1400 827 1474 simplex,
847 1405 877 1458 et
900 1400 1042 1462 directum

173 1499 294 1568 pateret.
315 1497 463 1569 provisum
484 1501 581 1567 etiam,
596 1506 627 1556 ut
651 1499 676 1556 si
698 1518 754 1574 qua
775 1499 894 1557 minima
919 1499 1043 1556 bestiola

173 1601 326 1653 conaretur
337 1597 501 1670 irrumpere,
515 1599 546 1656 iu
567 1577 696 1655 sordibus
711 1601 830 1665 aurium,
844 1605 990 1671 tamquam
1010 1597 1042 1656 in

174 1693 267 1760 visco,
293 1695 517 1754 inhaeresceret.
559 1697 651 1754 Extra
679 1703 776 1754 autem
801 1695 942 1763 eminent,
968 1712 1041 1771 quac

173 1796 355 1866 appellantur
368 1813 459 1864 aures,
474 1802 503 1853 et
519 1796 636 1870 legendi
651 1813 739 1853 causa
753 1795 857 1861 factae,
872 1795 1041 1870 tutandique

168 1911 279 1961 sensus,
291 1899 320 1952 et
330 1914 366 1952 ue
378 1880 509 1972 adjectae
522 1915 613 1954 voces
622 1898 795 1964 laberentur,
807 1901 892 1970 atque
901 1901 1039 1965 errarent,

170 1995 1039 2070 fflwmmwmmfflffimmwmtsfflffimet

170 2095 250 2169 quasi
264 2099 414 2152 corneolos
430 2097 537 2153 lrabent
552 2095 695 2162 introitus,
709 2094 861 2169 multisque
876 2111 942 2152 cum
958 2094 1038 2152 llexi-

169 2196 238 2263 bus3
258 2193 364 2269 ttquod
390 2195 435 2251 his
455 2195 563 2252 naturis
588 2196 695 2251 relatus
723 2194 915 2267 amplificetur
941 2211 1037 2252 strnue.

171 2293 316 2364 Quocirca
346 2300 377 2350 et
395 2292 457 2349 “liu
488 2293 592 2350 fidibus
620 2293 765 2350 testudine
798 2298 956 2359 resonatur,
988 2297 1039 2350 aut

171 2408 276 2446 corun:
298 2396 327 2447 et
351 2410 388 2448 ex
413 2391 547 2446 tortuosis
562 2393 643 2456 locis,
668 2395 700 2446 et
719 2391 839 2447 inclusis
859 2389 952 2446 ⁷⁰soni
967 2390 1037 2446 rele-

172 2485 1037 2560 mmmmmm.ffimfflmmmmmmmmump

171 2593 215 2642 ter
229 2585 406 2642 necessarias
427 2584 567 2641 utilitates
582 2591 692 2658 patent,
707 2582 914 2641 contractiores
929 2583 1038 2640 liabent

169 2683 312 2750 introitus,
333 2703 371 2742 ne
393 2684 460 2758 quid
476 2685 506 2742 in
521 2701 580 2749 eas,
591 2685 666 2758 quod
682 2687 797 2749 noceat,
822 2682 912 2756 possit
937 2697 1038 2756 perva-

168 2783 257 2839 dere:
292 2784 495 2856 humoremque
529 2799 642 2855 semper
677 2783 785 2838 habeut
811 2782 848 2838 orl
877 2784 1036 2854 pulverem,

167 2884 314 2956 multaque
341 2880 400 2938 alia
426 2881 608 2955 depellenda,
633 2897 692 2938 uon
714 2879 854 2938 inutilem.
896 2881 1035 2939 Gustatus

197 3053 218 3086 ⁶⁸
233 3055 290 3113 quod
298 3053 332 3100 ln's
341 3055 429 3126 potunt
438 3057 539 3127 relatae]
569 3055 667 3104 Videtur
685 3056 811 3102 addendum
819 3055 854 3109 ub,
865 3056 892 3101 ol
902 3055 937 3101 nn
946 3056 1035 3103 aarum

166 3113 251 3159 relatur
261 3125 332 3160 sonus.
343 3115 371 3160 ul
379 3115 414 3162 lus
422 3117 519 3169 naturis,
528 3132 542 3162 r.
554 3130 567 3161 e
578 3117 642 3162 rebus
651 3131 709 3177 quae
718 3120 768 3162 sunt
778 3117 847 3161 durae
857 3119 944 3160 natura,

195 3192 218 3224 ⁶⁹
232 3192 257 3238 in
268 3189 359 3249 fidibus
374 3197 480 3242 testudine
494 3200 659 3242 resurreturnul
670 3197 749 3256 amun]
766 3195 779 3241 i.
792 3209 812 3241 e.
825 3194 847 3239 in
858 3193 936 3240 fidibus
951 3192 1035 3250 tegitur

166 3263 248 3320 eorpus¹
262 3251 400 3300 instrumenti
418 3256 528 3301 testudine
546 3263 585 3302 aut
596 3270 671 3311 eoruu,
682 3261 707 3301 ut
726 3267 791 3314 eoque
810 3253 884 3298 fidium
902 3258 1035 3311 arrgeaturo

165 3309 249 3356 durrorr
260 3314 353 3357 materia
363 3314 462 3372 repulsus
472 3320 496 3360 et
506 3315 598 3370 relstus.

195 3389 218 3422 ⁷⁰
232 3379 365 3446 resumuntur
374 3393 498 3453 ampliores]
515 3407 544 3438 se.
565 3392 620 3450 soni,
640 3391 698 3452 quod
709 3404 723 3436 e
733 3388 802 3434 verbo
811 3391 927 3435 resonatur
937 3387 1032 3448 intelligi

165 3451 238 3563 ζῧξὶεῖ
249 3466 253 3492 :
272 3449 310 3493 sed
329 3453 352 3494 et
359 3449 446 3497 addunt
456 3449 506 3500 libri
517 3451 615 3512 quidam,
625 3449 753 3511 recepitque
761 3447 874 3507 Davisius,
885 3447 943 3510 quod
954 3449 1031 3498 melius

207 3604 277 3645 voc.
292 3606 344 3646 xv.
598 3591 635 3644 ‘m
647 3584 663 3614 ³
