2538 4188
455 329 554 380 bruun
568 329 743 380 SECUNDUS.
960 336 1025 398 409

156 479 257 557 quibus
270 483 354 538 tanta
366 477 523 553 percipitur
537 479 681 552 voluptas,
694 483 726 536 ut
738 475 883 538 interdum
891 477 1026 540 Pronoea

156 577 274 648 nostre,
295 578 441 651 Epicurea
468 577 556 634 luisse
583 577 725 635 videntur.
776 579 875 654 Atque
904 579 960 638 hae
986 597 1025 638 nc

157 683 331 752 caperentur
344 676 468 750 quidem,
489 676 546 734 nisi
565 675 713 735 bominum
734 678 948 752 rationemque
971 679 1027 736 sol·

155 777 252 835 lertio.
267 791 437 850 quamquam
451 793 522 832 eves
536 777 683 852 quasdam,
696 781 728 834 et
740 777 835 845 alites,
856 781 888 834 ct
900 776 1026 845 oscines,

156 879 189 932 ut
224 873 314 931 nostri
340 891 461 948 augures
488 877 644 948 appellent,
672 893 771 944 rernm,
796 875 1034 950 augurandarum,

156 989 245 1030 causa
265 990 328 1030 esse
349 977 432 1031 natas
453 979 595 1048 putamus.
624 975 705 1031 ‘Jam
729 990 802 1030 vero
821 973 972 1040 immanes,
995 976 1028 1030 et

157 1071 231 1130 ieras
245 1072 343 1156 beluas
358 1073 554 1130 nanciscimur
565 1074 713 1139 venando,
724 1077 756 1129 ut
769 1076 800 1129 et
815 1088 967 1130 vescamur
979 1071 1030 1140 iis,

158 1175 189 1227 et
208 1151 394 1228 exerceamur
408 1171 439 1228 in
453 1173 590 1230 venando
603 1173 642 1231 ad
661 1170 882 1250 similitudinem
901 1159 1036 1230 bellicae

156 1268 341 1342 disciplinae,
355 1268 396 1340 Tjet
416 1276 527 1330 utamur
553 1269 672 1327 domitis
692 1274 724 1326 et
742 1269 967 1337 condemnetis,
994 1273 1027 1326 ut

156 1367 339 1441 clephontis:
363 1369 507 1442 multaque
521 1386 560 1426 ex
584 1385 683 1426 earum
707 1369 873 1442 corporibus
898 1367 1027 1426 remedie

138 1467 264 1525 morbis
278 1471 309 1523 et
330 1465 499 1523 vulneribus
523 1466 673 1540 eligamus,
694 1467 770 1524 sicut
793 1486 832 1524 ex
856 1467 1028 1541 quibusdam

157 1564 294 1636 stirpibus
316 1569 347 1622 ct
361 1564 467 1631 herbis,
488 1581 606 1636 quarum
626 1563 765 1621 utilitates
785 1565 936 1640 longinqui
956 1571 1028 1621 tem·

157 1663 313 1735 podsrnu
334 1661 609 1734 m.pedcdbdmnc
630 1659 862 1735 ”pmnmpumn.
917 1661 1027 1720 Tomnr

157 1759 232 1818 licet
245 1759 359 1828 animis,
380 1765 526 1836 tamquam
540 1759 642 1826 oculis,
655 1762 776 1817 lustrare
797 1767 913 1828 terram,
926 1759 1028 1818 moria·

155 1879 212 1937 que
239 1859 362 1920 omnia?
385 1878 490 1919 cernes
504 1861 568 1935 jam
590 1863 684 1938 spatie
705 1860 847 1936 frugifera,
866 1865 953 1935 atque
973 1860 1025 1918 im·

155 1975 257 2022 mense
271 1953 448 2035 camporum,
469 1960 648 2036 vestitusque
668 1961 856 2020 densissimos
874 1959 1024 2028 montium,

154 2061 298 2134 pecudum
306 2064 413 2133 pastus,
425 2063 486 2116 trim
494 2061 659 2118 incredibili
670 2077 769 2118 cursus
781 2060 939 2118 maritimos
948 2063 1026 2118 cclc-

154 2157 248 2218 ritote.
264 2159 330 2216 Nec
339 2176 410 2216 vero
419 2174 505 2232 supra
516 2162 629 2228 terrem,
643 2158 792 2217 sedetiam
803 2157 1026 2232 inintimisejus

155 2256 284 2315 tenebris
310 2255 495 2330 plurimarum
519 2275 613 2332 rerum
636 2259 709 2315 latet
736 2256 857 2325 utilitas,
880 2274 954 2330 quac
988 2251 1026 2312 ed

155 2371 239 2412 usum
253 2353 401 2422 bominum
415 2359 487 2421 orto,
498 2355 535 2410 ab
545 2354 709 2412 bominibus
722 2354 792 2412 solis
806 2355 964 2414 invenitur.

197 2452 275 2508 Illud
289 2469 369 2519 vcro,
382 2451 457 2524 quod
472 2456 592 2526 uterque
617 2458 744 2510 vestrum
767 2451 887 2514 tortasse
908 2451 1027 2524 arripiet
1036 2429 1077 2489 ⁶5

156 2549 196 2608 ad
209 2550 496 2623 reprehendendum:
519 2550 615 2620 Cotta,
629 2551 697 2626 quia
719 2549 887 2609 Carneades
901 2548 1027 2608 libenter

157 2649 189 2706 in
216 2649 331 2707 Stoicos
356 2649 564 2712 invehebatur:
599 2649 744 2724 VelleJ'us,
771 2649 838 2724 quic
865 2646 940 2706 nibil
966 2651 1027 2710 tam

155 2745 256 2805 irridet
280 2747 432 2821 Epicurus,
456 2765 540 2823 quam
562 2748 790 2820 praedictionem
811 2765 904 2805 rerum
923 2747 1027 2808 tuturo·

156 2862 238 2902 rum:
259 2845 332 2902 mihi
348 2845 463 2904 videtur
484 2849 532 2904 vel
557 2846 685 2904 maxime
707 2847 886 2914 confirmare,
907 2849 1026 2905 deorum

156 2943 341 3016 providentio
355 2943 469 3000 consuli
493 2945 578 3002 rebus
602 2944 743 3002 humanis.
784 2943 837 3003 Est
862 2943 941 3003 enim
963 2963 1026 3019 pro·

155 3042 234 3100 lecto
247 3041 400 3110 divinatio,
413 3059 486 3117 quae
510 3041 618 3100 multis
633 3042 714 3110 locis,
736 3043 829 3111 rebus,
851 3043 1025 3116 temporibus

111 3211 119 3226 ι
157 3145 286 3214 apparet,
306 3143 367 3198 tum
389 3141 420 3199 in
444 3141 578 3212 privetis,
601 3145 662 3199 tum
685 3141 811 3216 menime
836 3139 868 3198 in
891 3139 1024 3213 publicis.

159 3237 257 3297 Multa
283 3244 406 3298 cernunt
429 3241 613 3314 haruspices:
640 3237 761 3297 ⁸⁷multe
787 3255 908 3314 augures
930 3238 1025 3312 provi·

179 3377 210 3448 ‚⁸⁰
222 3377 375 3440 percepimus]
407 3378 444 3426 Sic
452 3384 514 3426 recte
523 3393 537 3426 e
547 3379 594 3426 Mc.
605 3375 678 3424 edidit
689 3375 793 3423 Davisius
801 3388 842 3435 pro
851 3375 943 3433 vulgato
954 3376 1025 3433 paret·

160 3450 248 3542 Ἧι.-
265 3443 299 3485 art
313 3436 372 3486 enim
382 3451 456 3486 sermo
472 3439 502 3486 da
518 3437 652 3498 cognitione,
668 3449 713 3482 nou
731 3448 778 3481 usu.
809 3433 847 3481 eie
862 3439 885 3481 et
901 3435 951 3482 cdd.
967 3440 1024 3485 vett.

188 3571 212 3606 ⁸⁷
226 3574 405 3635 nullasne-ares
420 3573 544 3637 pmutdsnt]
564 3537 636 3620 troes
653 3571 714 3622 Mer.
733 3571 821 3622 adddit
836 3571 893 3624 bens
911 3573 1024 3636 Davisius,

196 3670 334 3714 vonxr.
595 3656 633 3712 ³5
