2552 4208
129 398 133 412 ,
222 345 285 408 itt
426 361 431 392 r
461 335 596 388 rutum
612 335 855 392 nunnenronuu
1145 373 1153 402 f

220 489 302 550 enim
314 503 416 546 omnen
436 487 487 546 diu
506 489 670 562 cogitantes
683 490 721 547 de
736 492 821 548 rebus
841 489 986 559 humanit,
1007 490 1094 554 intei·
1157 487 1170 514 '

220 589 362 664 figebant,
375 605 426 646 ean
444 604 624 662 nequequam
639 605 690 662 pro
702 589 842 661 opinione
857 590 938 664 vuigi
963 610 1028 649 neae
1042 612 1094 652 ex·

220 687 427 746 timeoeeudee.
458 691 488 744 et
522 685 594 744 mini
627 688 742 761 quidem
775 689 891 747 videtur
920 689 999 748 idern
1014 761 1019 772 Ι
1032 693 1092 750 iere

221 787 358 847 accidere
378 787 425 854 iis,
439 787 489 861 qui
510 793 580 844 unte
605 787 788 854 meditantur,
813 789 889 862 quod
918 789 965 856 iis,
989 791 1092 864 quibu·

220 889 352 946 medetur
374 888 455 943 dien:
477 887 531 943 nini
545 884 649 961 ”quod
671 887 745 944 ratio
768 887 885 962 quidem
912 895 996 946 annai
1017 889 1093 960 ilion,

219 985 273 1046 no·
287 986 350 1060 ipen
372 992 484 1062 npture,
508 985 661 1043 inieiieoto
681 1003 726 1053 eo,
746 983 766 1016 ⁸⁸
779 988 855 1060 quod
880 987 1039 1045 remedium
1059 988 1093 1046 ii·

218 1087 269 1145 lud
283 1085 426 1152 eontinet,
445 1082 591 1148 “maium
613 1086 688 1157 qnod
703 1084 815 1158 opinati
829 1085 897 1152 nint,
922 1104 987 1142 esee
1002 1085 1093 1145 mexi-

218 1201 308 1251 mum‚
319 1201 501 1259 nequaquam
521 1201 586 1240 eene
604 1189 726 1250 tentum,
747 1189 777 1240 ut
793 1183 884 1242 vitam
900 1187 1014 1242 beatam
1029 1202 1092 1260 pou·

218 1283 258 1343 eit
272 1289 414 1340 evertere.
457 1283 522 1340 Hoc
536 1283 624 1355 igitur
638 1282 770 1348 efficitur,
785 1286 815 1340 ut
829 1301 867 1340 ex
889 1283 942 1340 iiio
965 1283 1093 1358 nee-opi·

218 1387 290 1440 nato
309 1382 394 1456 plaga
409 1381 501 1454 major
515 1381 563 1447 eit,
577 1397 636 1436 non
651 1385 682 1436 ut
696 1379 740 1436 iiii
763 1388 873 1452 putaui,
888 1387 927 1448 ut,
941 1399 1008 1440 eum
1023 1383 1092 1442 dno·

218 1483 272 1540 bue
283 1497 366 1554 parea
380 1497 464 1537 naeus
476 1478 640 1545 evenerint,
654 1478 679 1535 ie
694 1480 779 1536 modo
793 1479 974 1554 aegritudine
986 1482 1092 1542 efficie-

218 1585 272 1648 tur,
286 1582 334 1637 eui
348 1579 400 1637 iiie
415 1578 601 1652 neonpineto
614 1595 699 1635 onena
713 1578 855 1635 evenerit.
870 1579 968 1654 itaque
989 1581 1090 1640 dieun-

217 1683 265 1738 iur
285 1679 418 1737 nonnoni
432 1679 463 1736 iu
484 1695 623 1743 moerore,
637 1694 703 1734 eum
718 1679 755 1733 de
770 1678 825 1734 hae
839 1679 986 1737 communi
1001 1679 1091 1740 homi·

217 1797 288 1838 num
308 1779 478 1835 conditione
492 1776 687 1842 audivissent,
710 1793 746 1832 ee
769 1777 834 1850 iege
848 1794 912 1834 enee
928 1796 980 1836 noa
995 1785 1088 1850 neten,

217 1883 251 1936 ut
272 1893 359 1934 nemo
372 1877 404 1933 in
420 1880 588 1949 perpetuum
610 1893 675 1931 eene
701 1882 797 1947 poeeet
817 1893 921 1948 erpere
936 1878 1015 1944 meli,
1027 1895 1090 1953 gre·

165 1967 285 2034 25viue
312 1975 401 2032 etiam
426 1975 533 2032 tuiieee.
576 1945 722 2046 Quoeir'ne
750 1974 927 2041 Carneaden,
949 1981 980 2034 nt
1001 1977 1089 2036 video

217 2081 346 2138 nostrum
360 2073 486 2132 seribere
503 2073 692 2141 Antiochum,
717 2074 929 2146 reprehendere
950 2074 1089 2150 Chrysip·

126 2205 128 2208 ·
184 2163 186 2166 ’
217 2193 287 2252 pum
299 2175 420 2240 eoiebet,
436 2174 602 2230 laudantem
620 2171 651 2203 ¹⁸⁸
664 2173 852 2246 Euripideum
872 2191 991 2233 oermen
1004 2174 1088 2244 itud,

335 2289 520 2340 Mortalinnerno
529 2293 571 2345 eet,
587 2290 669 2352 ¹quent
679 2303 723 2336 non
738 2289 834 2350 attinget
851 2290 926 2347 dolor,

334 2371 483 2431 Morbueque.
495 2369 560 2416 multi
570 2374 621 2416 aunt
632 2369 737 2416 humandi
747 2369 820 2425 liberi,

336 2449 433 2497 Burrum
443 2450 544 2495 creandi:
564 2463 665 2510 moreque
675 2455 709 2495 eat
719 2450 781 2495 finita
791 2449 899 2498 omnibut.

336 2529 402 2582 Quae
411 2529 486 2588 generi
496 2530 593 2575 humano
602 2543 706 2587 angorem
717 2528 864 2590 nequidquam
875 2529 978 2578 afferrent.

333 2608 460 2656 Reddenda
469 2613 502 2655 eet
512 2614 587 2654 terroe
596 2612 658 2654 terra
669 2628 674 2654 :
691 2613 738 2674 tuna¹
748 2608 796 2654 vite
808 2608 909 2658 ondtnr

333 2687 456 2747 Metendan
465 2693 490 2734 nt
504 2687 584 2746 impet.
600 2686 634 2736 rin
644 2687 709 2745 jubet
723 2687 849 2734 necessitas.

243 2825 268 2861 θ’
281 2826 403 2888 quode-otio
412 2825 510 2899 peridem]
526 2827 615 2886 pridem
623 2841 665 2888 pro
673 2827 780 2888 pamednm
790 2825 842 2873 dedi
852 2840 901 2873 enm
913 2825 1015 2875 Derieio.
1027 2819 1042 2842 ⁸

244 2905 266 2938 θ’
280 2907 337 2966 quod
346 2907 471 2954 remedium
479 2907 541 2953 ittnd
552 2907 657 2969 eontinet]
674 2909 688 2953 i.
702 2921 723 2952 e.
741 2907 763 2952 in
774 2921 818 2967 quo
827 2913 861 2953 ent
871 2905 904 2952 vir
914 2907 973 2954 iilius
984 2905 1085 2963 remedii.

120 3016 125 3024 ,
215 2964 292 3026 inquo
307 2967 428 3012 remedium
444 2966 508 3022 ineat,
518 2965 622 3012 cernitur.
657 2966 760 3012 Davisius
777 2967 881 3022 correxit,
897 2966 1088 3026 puodremmnta'ae

214 3029 260 3082 ttet,
269 3024 330 3075 ittet
339 3039 368 3072 nn.
380 3033 403 3070 et
412 3025 443 3070 eie
453 3024 538 3070 habent
547 3025 605 3070 Mne
615 3024 715 3084 quidam,
726 3039 770 3070 nnn
785 3025 851 3070 mate.
885 3028 909 3072 ln
920 3025 993 3073 Gneli.
1006 3032 1038 3072 eet
1049 3039 1082 3071 re.

234 3106 267 3138 Μ
281 3119 310 3150 m.
321 3103 379 3164 prend
388 3104 502 3160 opinatum
520 3103 556 3157 rit,
572 3117 614 3148 enee
624 3102 757 3163 rnuzimum]
775 3103 816 3148 noc
833 3104 921 3164 quidem
937 3106 1028 3152 stultum
1049 3103 1087 3160 rit,

214 3176 256 3212 nee
265 3162 344 3208 Cicero
354 3162 416 3208 dixit.
429 3162 545 3218 legendum
561 3167 596 3207 eet
605 3161 689 3217 opinati
704 3161 762 3216 rint.
775 3169 798 3208 ut
813 3168 836 3207 et
855 3164 946 3211 Davieio
955 3165 1025 3210 viuum
1043 3168 1086 3208 eet.

214 3236 261 3327 1:3¹
262 3219 374 3327 ιἑΙιιΙῐιῑιινί
394 3219 493 3280 recipere
512 3221 572 3266 hane
590 3220 776 3268 emendationem.
817 3223 861 3268 Sed
881 3228 905 3270 et
922 3238 966 3270 enee
984 3224 1086 3269 deletum

243 3359 274 3393 ¹⁰⁰
290 3358 441 3415 Euripideum
457 3361 554 3420 eumen]
562 3374 598 3406 -ex
610 3359 727 3417 tragoedia
737 3357 864 3422 Hypsipyle
874 3360 970 3421 perdite,
981 3360 1010 3404 de
1024 3359 1085 3416 cuiue

213 3419 342 3539 {regianum
353 3425 420 3478 atque
431 3419 473 3464 hoe
490 3418 539 3478 ipso
548 3434 569 3466 v.
580 3419 742 3466 Vallrenerium
752 3419 782 3467 V.
799 3421 826 3466 G.
842 3420 864 3464 in
884 3420 962 3476 fragm.
980 3417 1084 3478 Euripid.

244 3557 253 3588 ¹
266 3569 385 3615 wmrttm
393 3557 488 3614 niiingui
502 3557 569 3604 detor.
613 3559 650 3606 sic
667 3559 714 3604 Me.
726 3557 801 3604 Guett.
813 3556 873 3602 male
882 3554 966 3612 vulgati
985 3553 1085 3612 attingit,

118 3707 133 3718 ,
212 3613 388 3722 pieffipguotainn
400 3615 515 3676 legendum
530 3632 570 3665 mu
582 3617 609 3666 tir
618 3621 671 3665 aunt
689 3616 800 3664 inmundi
819 3615 893 3674 titoni,
904 3619 963 3664 utet
981 3613 1086 3672 Bentieje
