2548 4208
457 337 556 390 orons
573 339 725 394 noroens-
964 342 1035 412 25³

156 487 197 550 Et
209 488 259 548 hio
281 487 400 565 quidem
419 485 567 562 disputare
587 489 708 558 solebat,
721 493 830 565 quanto
842 505 941 566 regem
963 489 1034 550 Per·

157 607 253 650 serum
265 590 328 648 vite
343 589 514 662 fortunaque
524 593 682 662 superaret.
692 588 747 646 sibi
758 589 831 648 nihii
842 590 965 648 deesse:
986 587 1034 650 ild

157 689 232 748 nihii
247 688 319 746 sotis
329 703 463 762 umquem
472 687 539 745 iore.
550 705 582 745 se
592 688 654 762 ejus
663 690 827 762 voluptates
848 707 908 747 non
920 688 1034 760 desides

157 805 232 856 rore,
240 787 343 863 quibos
352 803 506 862 numquam
517 787 616 846 notiori
627 787 678 845 ilie
687 793 793 862 posset,
801 805 868 846 suns
876 788 955 846 enim
964 778 1033 852 ood-
1116 839 1119 844 .

157 886 242 962 sequi
263 887 442 946 nullomodo
460 905 553 962 posse.
595 887 700 955 Vides,
720 889 818 955 oredo,
840 893 873 946 ut
890 886 1087 960 Epicurusaa

159 985 351 1058 cupiditatum
371 1005 479 1063 genero
491 987 636 1056 diviserit,
654 1003 713 1045 uon
732 985 820 1045 nimis
835 986 955 1043 tortasse
969 987 1035 1043 sub·

159 1084 259 1152 timer,
292 1085 401 1144 utititer
431 1091 549 1146 tumn:
584 1087 690 1162 purtim
720 1104 785 1144 esse
818 1087 965 1144 naturales
1001 1088 1034 1144 et

160 1170 361 1256 neeessariam
393 1188 497 1261 purtim
516 1189 673 1255 naturales,
696 1191 727 1244 et
750 1203 810 1244 non
834 1184 1033 1244 neeessariam

160 1285 268 1360 purtim
299 1289 454 1344 neutrum:
488 1288 669 1347 necessarios
696 1286 797 1346 sntinri
824 1303 908 1360 posse
936 1302 1033 1360 poene

160 1385 271 1455 nihilo3
290 1387 414 1445 divitius
426 1387 507 1444 enim
520 1395 651 1454 naturae,
669 1388 813 1462 pnrsbiies
827 1404 909 1444 esse:
930 1403 1034 1444 seeun-

160 1485 230 1544 dum
253 1492 352 1545 nutem
375 1503 467 1561 genus
492 1488 694 1561 cupiditatum,
721 1505 777 1546 neo
800 1489 836 1546 od
863 1485 1036 1561 potiendum

160 1584 282 1642 diffinite
301 1603 366 1642 esse
379 1591 492 1655 censet,
513 1604 568 1644 neo
579 1604 651 1644 vero
665 1589 702 1644 nd
723 1589 903 1644 parendum:
925 1584 1037 1651 tertios,

161 1685 239 1760 quod
257 1691 356 1742 essent
377 1689 464 1759 piene
479 1687 592 1754 inanes,
606 1702 699 1762 neque
717 1684 922 1743 nenessitatem
937 1683 1036 1750 modo,

161 1784 215 1841 sed
228 1800 267 1841 ne
281 1789 413 1842 notura!
431 1785 549 1860 quidem
563 1787 751 1860 attingerent,
772 1784 901 1842 funditus
915 1781 1035 1856 ejioien·

160 1883 214 1943 dns
228 1885 353 1958 putavit.
395 1886 461 1944 Hoo
476 1889 543 1946 loeo
556 1888 647 1944 muita
661 1888 698 1943 ub
717 1884 871 1960 Epicureis
885 1883 1034 1956 disputan·

160 1987 216 2052 tur,
230 2001 340 2060 noeque
354 1988 520 2060 voluptates
534 1985 705 2064 singiliatim
726 1989 944 2044 extenuantur:
965 1997 1034 2057 qur·

159 2101 222 2142 rum
233 2100 341 2158 genere
359 2083 449 2144 i'nou
464 2091 674 2158 oontemnnnt3
696 2105 755 2145 non
779 2088 920 2160 quaerunt
934 2087 1035 2140 tomen

159 2183 285 2257 dopiem.
300 2190 414 2243 namet
427 2187 588 2244 obscoenas
603 2191 778 2260 vuluptates,
791 2187 829 2242 de
845 2183 949 2260 quibus
963 2183 1035 2240 mui-

160 2286 191 2341 te
204 2286 240 2342 nb
254 2284 313 2342 iilis
327 2285 450 2340 habetur
461 2284 563 2351 oratio,
576 2285 689 2353 incites,
698 2301 876 2350 communes,
890 2282 922 2340 in
935 2277 1035 2339 medio

160 2381 231 2440 sitns
255 2397 320 2438 esse
333 2381 452 2438 dieunt:
475 2399 581 2456 easque
594 2383 620 2440 ei
641 2390 742 2441 nutura
764 2384 898 2457 requiret,
913 2399 971 2438 non
986 2397 1035 2454 ge·

160 2495 242 2547 nere,
263 2483 314 2534 nut
337 2481 412 2545 ioco,
435 2483 486 2536 sut
506 2479 619 2546 ordine,
633 2482 684 2536 sed
705 2481 807 2543 torma,
820 2483 929 2545 seinte,
943 2479 1035 2552 figure

162 2575 325 2636 metiendas
350 2581 467 2650 putent:
488 2577 525 2632 nb
546 2575 638 2652 iisqne
663 2576 810 2634 obstinere
834 2574 955 2632 minime
966 2593 1034 2632 esse

161 2675 292 2744 diffinire,
312 2675 338 2733 si
350 2679 401 2732 nut
414 2673 554 2741 valitudo,
568 2682 617 2732 out
630 2675 766 2742 officinm,
780 2680 830 2732 ent
842 2673 920 2730 inme
939 2678 1035 2746 postu·

160 2777 221 2834 iet:
241 2775 418 2850 omninoque
431 2787 523 2849 genus
536 2775 592 2832 hoo
606 2775 790 2847 voluptatum
811 2773 942 2846 optabile
957 2789 1032 2842 esse,

161 2877 188 2934 si
202 2892 261 2932 nou
275 2875 368 2945 obsit;
390 2875 526 2947 prodesse
540 2887 704 2946 numquam.
746 2873 916 2946 Totumque
927 2873 984 2930 hoo
995 2875 1034 2931 de

162 2975 314 3047 voluptate
335 2971 407 3031 aisio
428 2971 479 3030 iiie
503 2970 660 3046 praecepit,
683 2977 717 3030 ut
737 2973 919 3047 voluptatem
941 2969 1036 3045 ipsum

161 3089 215 3148 per
227 3090 270 3139 se,
282 3065 351 3147 quin
374 3073 506 3147 voluptas
520 3071 567 3139 sit,
581 3089 696 3146 semper
717 3071 875 3145 optandam
895 3076 1035 3146 expeten-

161 3173 286 3248 dumque
312 3177 415 3246 putet:
435 3173 594 3248 eademqne
617 3171 730 3231 ratione
744 3173 874 3231 dolorem
887 3171 926 3230 ob
948 3171 979 3230 id
992 3169 1035 3246 ip·

176 3346 215 3418 '³²
229 3361 276 3396 non
283 3353 395 3409 puerum
404 3353 418 3395 t.
428 3349 511 3407 emtum
537 3349 627 3409 negotio
636 3363 682 3397 non
690 3348 714 3396 in
728 3349 826 3410 vulgatis
836 3349 925 3406 omissa,
935 3363 1034 3398 nmero·

161 3421 197 3456 rra
207 3413 242 3456 est
259 3422 286 3456 ex
295 3409 413 3456 sententio.
425 3410 465 3456 aiii
476 3425 512 3456 mn
521 3415 562 3458 unt
579 3423 627 3467 nec,
647 3423 690 3470 ego
704 3425 758 3466 nnn,
768 3416 794 3458 ut
811 3410 892 3458 clarius
909 3411 1035 3473 oppooom

162 3467 305 3514 euteoedenti
315 3482 361 3526 nop
372 3473 524 3517 contemnunt.

194 3547 218 3579 ³³
232 3547 311 3594 cicilie
327 3548 454 3609 praecepto]
484 3548 615 3608 legendnm
633 3563 682 3596 esse
697 3545 804 3606 msdpit
820 3560 833 3593 s
852 3553 958 3610 sequente
972 3555 1036 3614 putri

164 3613 266 3666 rppnrst.
277 3611 302 3652 et
310 3607 341 3656 ric
350 3607 402 3670 iibri
416 3607 475 3682 Mos.
485 3608 568 3672 plures,
578 3608 648 3656 etesi.
660 3612 722 3658 vetus
731 3606 790 3670 opud
799 3605 926 3658 Buteriorn.

206 3703 278 3744 ron.
293 3705 345 3746 xv.
606 3691 646 3747 22
