2552 4208
125 303 128 310 “
205 320 268 384 104
445 309 581 368 rmour.
599 315 843 374 dormitorium

202 463 405 539 enimjudiuie
418 465 601 528 ribemunt
611 469 776 538 inrtitutum
790 467 962 539 tenebimur,
982 468 1074 532 ”nul-

201 566 315 642 itusque
328 565 414 626 uniur
433 566 608 641 dieoiptinee
628 571 739 642 legibue
760 570 902 640 udelriuti¹
915 571 1018 647 quidue
1039 575 1074 634 in

201 667 388 743 philosophie
401 669 569 748 uenerurrio
587 687 748 746 uorenmur,
761 671 830 747 guid
851 672 890 732 rit
903 671 935 730 in
958 689 1073 748 queque

201 763 237 826 re'
248 765 378 826 menime
398 765 557 839 probabile,
578 784 693 841 temper
712 770 897 844 requiremur.
910 771 987 845 quod
1006 787 1075 830 oum

202 882 292 940 reone
305 865 387 935 ulier,
401 872 462 924 tum
473 883 566 940 nuper
578 865 610 924 in
625 865 798 926 'duernione
809 869 938 928 erudiore
951 870 1074 946 egimus.

142 998 144 1014 ι
202 965 306 1043 inque
330 965 473 1041 exponitis
493 963 581 1024 tridui
604 963 987 1042 diepumtionibuequurtur
1010 968 1074 1030 dier

203 1063 261 1126 lton
275 1065 350 1124 libro
367 1063 599 1124 ¹‘oonoludetun
619 1069 652 1120 ut
662 1062 742 1122 enim
756 1063 788 1122 in
798 1063 963 1125 inferiorern
976 1070 1075 1128 emiru-
1114 1099 1117 1106 ·

202 1165 346 1224 lotionem
358 1164 573 1230 descendimus,
583 1163 659 1237 quod
673 1161 833 1222 teneremur
852 1163 931 1224 idem
948 1166 1075 1241 superio·

203 1262 282 1324 ribun
295 1265 408 1332 diebus,
427 1268 494 1322 neto
505 1281 551 1320 roe
565 1267 611 1320 ent
623 1262 676 1320 riu.

245 1361 290 1424 Μ.
313 1362 413 1428 Diont,
426 1362 452 1419 ei
475 1361 539 1436 quir
554 1363 696 1436 vultque
716 1362 754 1420 de
774 1379 805 1420 re
825 1363 966 1438 dirputnri
990 1365 1074 1424 velit.

204 1461 247 1522 A.
267 1462 338 1520 Nou
349 1461 421 1520 mihi
436 1461 550 1520 videtur
562 1460 643 1520 omni
657 1460 749 1520 enimi
761 1463 975 1536 perturbatione
989 1481 1076 1540 pom

204 1561 322 1636 repient
347 1576 461 1619 vocure.
504 1559 547 1620 Μ.
568 1561 763 1636 Aegritudine
787 1563 906 1638 quidem
936 1564 1075 1624 herternu

205 1661 401 1735 disputatione
416 1661 584 1720 videbatur:
606 1660 664 1720 nini
678 1661 752 1722 torte
766 1663 905 1737 temporie
919 1681 1008 1722 onuen
1032 1680 1075 1724 rr*

205 1761 379 1820 rentiebnre.
422 1762 462 1822 A.
483 1760 609 1820 Minime
619 1751 704 1819 uero.
715 1779 784 1820 nom
798 1762 871 1820 mihi
884 1763 1001 1838 egregie
1015 1779 1078 1838 pro·

204 1861 274 1922 beto
284 1867 329 1918 eet
342 1860 436 1918 oratio
452 1864 512 1916 tun.
554 1859 598 1918 M.
619 1860 689 1917 Non
703 1859 790 1934 igitur
803 1860 956 1918 existimus
970 1863 1076 1928 endere

205 1958 238 2018 in
259 1960 422 2033 rapientem
436 1955 672 2034 aegritudinem?
713 1958 755 2018 A.
776 1959 895 2016 Proreus
923 1976 980 2019 non
1003 1959 1076 2019 erbi-

206 2055 276 2117 tror.
317 2057 359 2115 Μ.
380 2057 482 2132 Atqui,
495 2059 522 2114 ei
535 2059 591 2114 istu
606 2059 772 2132 perturbere
785 2057 914 2115 animum
936 2044 1079 2132 nonientir

156 2165 157 2168 ’
205 2161 386 2230 nonpoteet,
399 2160 478 2215 nulla
493 2156 609 2231 poterit.
650 2155 729 2228 Quid
740 2154 843 2213 enim?
863 2159 996 2214 metusne
1009 2173 1078 2216 oon·

206 2253 327 2316 turbet?
368 2258 519 2314 Arearum
533 2272 626 2313 rerum
645 2259 689 2312 eet
704 2253 866 2313 absentium
887 2259 989 2324 metue,
1011 2271 1079 2330 qun·

206 2374 270 2416 rum
285 2356 478 2430 praesentium
492 2359 537 2412 ent
550 2354 710 2428 aegritudo.
725 2355 838 2411 sublata
852 2353 940 2428 igitur
953 2357 1078 2430 aegritu·

205 2457 287 2524 dine,
300 2459 428 2514 nutrietur
442 2461 486 2512 eet
500 2460 603 2511 metue.
615 2459 725 2512 restent
743 2453 818 2510 duae
833 2455 1077 2526 perturbationes,

206 2555 322 2615 laetitio
334 2555 472 2630 gestiens,
484 2561 513 2610 et
528 2551 636 2610 libido:
657 2569 730 2626 quae
745 2552 771 2610 ei
789 2571 848 2611 non
867 2555 975 2612 nudent
989 2554 1021 2613 in
1033 2571 1078 2612 rn-

207 2654 347 2730 pienum,
367 2671 482 2726 semper
501 2667 584 2709 mene
599 2650 653 2708 erit
675 2652 829 2728 tranquilla
843 2654 995 2728 sapientie.
1037 2655 1076 2712 Λ.

209 2755 261 2815 sie
274 2772 390 2829 proreue
404 2751 547 2826 intelligo.
590 2750 633 2808 Μ.
655 2752 759 2811 Utrum
782 2753 868 2828 igitur
882 2752 977 2812 merie
992 2749 1004 2810 i
1022 2757 1078 2808 eto·

207 2853 300 2912 timue
321 2872 375 2912 noe
389 2853 457 2910 vein
479 2851 585 2920 iuuere,
599 2870 639 2910 un
651 2854 732 2928 quari
752 2871 770 2910 e
791 2859 875 2926 portu
895 2851 1080 2926 egredientes

178 2953 396 3029 5¹⁵puullulum
410 2949 577 3026 remigare?
619 2953 658 3010 A.
681 2953 827 3024 Quidnam
841 2958 886 3008 eet
899 2949 998 3010 intuo?
1019 2943 1080 3010 uon
1165 2997 1168 3004 .

208 3055 288 3113 enim
301 3051 445 3126 intelligo.
487 3051 529 3108 Μ.
552 3050 629 3122 Quia
644 3049 835 3122 Chrysippus,
848 3054 878 3104 et
894 3050 998 3117 Stoici,
1011 3067 1081 3108 num

238 3215 261 3249 ¹³
274 3215 405 3274 nullimqur
421 3211 492 3260 unior
507 3210 648 3270 disciplinae]
664 3208 715 3256 dedi
735 3207 1039 3266 nordmannorumque
1053 3210 1089 3254 ut·

209 3275 282 3323 voluit
292 3276 411 3332 Bentlejuu.
443 3272 481 3317 Sic
490 3270 583 3316 dicimur
592 3271 618 3314 in
626 3270 715 3315 nulline
725 3265 827 3326 mug'r'rtri
845 3266 912 3312 urrdu
921 3265 1013 3324 jurare,
1027 3280 1080 3324 non,

209 3334 237 3382 r'rr
245 3335 312 3385 nnita
321 3331 424 3392 mugirtn'
433 3330 507 3378 nerlu.
538 3329 570 3376 Et
579 3328 610 3376 nic
621 3328 704 3374 hebent
716 3327 772 3373 Meu.
785 3325 855 3372 Parin.

239 3412 261 3446 ¹⁴
275 3410 437 3471 concludetur]
469 3408 545 3467 Vulgo
569 3411 605 3453 ent
629 3405 778 3452 concluditur.
803 3418 847 3464 ego
865 3403 918 3452 olim
938 3402 1084 3462 oonjioiebnm

209 3471 372 3522 concludetur.-
388 3470 427 3517 red
437 3475 523 3514 uerutus
531 3482 578 3514 ruur
589 3465 657 3512 libror
667 3482 681 3510 u
690 3464 787 3516 Bulrerio
796 3465 906 3512 laudator.

240 3549 261 3582 ¹⁵
272 3549 403 3606 paullulum
414 3547 524 3606 runigure
550 3549 564 3594 i.
576 3561 597 3594 e.
605 3546 666 3592 lente
677 3546 789 3608 progredi,
799 3559 879 3610 nempe
887 3543 997 3596 subtiliori
1007 3544 1085 3606 dugu-

211 3608 306 3669 totione,
316 3623 358 3669 per
367 3607 516 3670 definitiones,
523 3547 651 3668 linitione,
662 3612 706 3656 etr.
