2552 4208
446 395 448 402 ·
490 371 589 424 LIBER
604 373 753 428 TERTIUS.
1001 385 1059 446 151

191 519 285 578 morte
307 522 477 582 consolatus
500 530 588 594 esset,
613 525 649 594 is,
662 524 682 558 ¹⁸
695 542 762 584 oum
788 525 916 585 audisset
939 526 977 586 de
1001 544 1063 600 sua

190 619 298 681 stactus
309 621 416 704 sende
429 623 512 699 enjus
525 633 703 685 commutata
717 633 815 684 mente
829 628 873 686 sio
886 627 1012 688 dieitur:

279 775 331 824 Nee
349 792 404 826 vero
417 783 482 826 tanta
500 781 615 842 praeditus
634 780 744 843 sapientia

280 855 403 918 Quisquam
413 865 455 912 est.
465 861 503 921 qui
513 861 606 908 aliorum
616 877 745 908 aerumnam
760 861 825 910 dietis
834 862 944 924 meren,

279 935 333 984 Non
343 938 409 992 idem,
420 953 470 986 cum
479 940 567 986 fortuma
577 946 664 988 mutata
673 942 782 1002 impeturn

279 1006 411 1072 contonat.
422 1019 489 1064 stade
499 1025 524 1066 ut
534 1020 606 1066 subita
615 1021 731 1078 frangatur
741 1035 788 1069 ms.

280 1093 314 1140 Ut
321 1094 362 1142 illa
371 1097 400 1143 ad
410 1099 467 1145 aiios
476 1100 544 1154 dicta.
555 1107 579 1147 et
588 1106 709 1161 praecepta
717 1099 829 1149 excidant.

189 1230 275 1295 Haeo
299 1253 366 1296 oum
387 1238 545 1313 disputant,
566 1243 622 1301 hoo
645 1245 763 1300 student
790 1243 915 1308 efficere.
940 1246 1062 1304 naturae

186 1337 289 1396 obsisti
311 1341 392 1397 nulio
415 1343 501 1397 modo
526 1361 625 1415 posse:
646 1341 701 1399 ”ii
722 1351 820 1399 tamen
841 1344 977 1412 fatentur,
997 1361 1061 1420 grs-
1101 1363 1104 1370 ·

181 1436 285 1494 vviores
300 1439 495 1513 aegritudines
513 1441 632 1514 suscipi,
646 1458 732 1514 quarn
754 1451 855 1500 natura
875 1452 970 1518 nogat.
984 1461 1060 1518 quae

187 1540 233 1592 est
261 1535 348 1610 igitur
371 1539 509 1605 amentia,
535 1537 598 1595 'ut
620 1557 674 1596 nos
695 1558 808 1614 quoque
832 1541 909 1597 idem
934 1544 971 1598 ab
992 1543 1085 1600 atiis‘

186 1634 387 1711 requiramus?
408 1638 468 1695 Sed
482 1639 578 1710 piures
602 1645 670 1695 suut
692 1656 798 1695 causae
818 1640 997 1711 suscipiendi
1010 1641 1060 1698 do·

185 1735 266 1793 loris.
281 1737 402 1810 primum
425 1737 476 1820 iiia
496 1738 597 1810 opinio
617 1737 696 1806 mati,
709 1755 767 1812 quo
790 1737 866 1804 viso,
888 1745 974 1813 atque
998 1757 1059 1815 par·

183 1852 271 1894 suaso
287 1837 438 1910 aegritudo
460 1837 621 1913 insequitur
641 1836 816 1895 necessario.
837 1836 944 1896 deiude
969 1841 1059 1899 etiam

185 1944 303 2014 gratum*
329 1937 448 1994 mortuis
471 1956 503 1994 se
527 1938 633 2004 tacere,
659 1937 685 1994 si
703 1936 832 2012 graviter
855 1955 906 1994 eos
930 1940 1059 2014 lugeant,

185 2037 368 2095 arbitrantur.
394 2037 512 2094 aceedit
543 2036 709 2110 superstitio
731 2037 878 2095 muliebris
905 2039 1058 2112 quasdam.

184 2135 358 2193 existimant
378 2137 468 2203 enim,
489 2137 547 2194 diis
571 2135 782 2194 immortalibus
806 2155 838 2192 se
860 2136 1058 2198 taoitiussatis

181 2233 319 2301 tacturos,
341 2233 398 2292 ²'si
420 2253 518 2292 eorum
544 2237 629 2309 ptaga
656 2236 792 2310 perculsi,
811 2236 935 2295 afflictos
965 2255 1006 2306 se,
1027 2241 1059 2296 at

183 2337 288 2392 stratos
303 2351 367 2390 esse
381 2334 534 2392 fateantur.
548 2336 599 2392 sed
621 2335 694 2392 haee
708 2335 785 2393 iuter
804 2353 836 2390 se
857 2353 942 2410 quam
958 2355 1058 2412 repug-

184 2437 267 2500 nent,
289 2433 419 2506 plerique
447 2450 506 2490 non
535 2434 647 2490 vident.
677 2434 798 2490 laudant
825 2434 905 2512 ‘tvaim
924 2453 983 2503 eoa,
1007 2432 1062 2510 qui

183 2547 277 2605 aequo
290 2532 389 2589 animo
415 2533 589 2590 moriuntur:
610 2532 659 2607 qui
680 2531 798 2589 atterius
823 2539 945 2593 mortem
964 2551 1057 2610 aequo

182 2630 282 2689 anino
296 2631 400 2699 terant,
410 2649 460 2688 eos
475 2637 577 2705 putant
592 2631 810 2705 vituperandos.
824 2632 906 2706 quasi
920 2632 982 2690 fieri
995 2637 1056 2692 utto

182 2733 269 2790 modo
284 2731 384 2805 possit,
398 2733 472 2805 quod
485 2731 515 2788 in
529 2730 671 2788 amatorio
689 2746 824 2788 sermone
844 2729 905 2786 dici
918 2735 1003 2799 soiet,
1024 2735 1057 2791 ut

181 2831 331 2905 quisquam
347 2833 409 2904 ptus
424 2831 545 2888 alterum
559 2830 672 2906 diligat,
685 2845 772 2904 quarn
782 2845 823 2888 se.
868 2829 1059 2900 Praeclarum

181 2927 255 2987 iliud
269 2933 322 2999 est,
335 2936 366 2987 et
387 2930 413 2987 si
427 2927 549 3003 quaeris,
570 2933 683 2987 reatum
705 2945 828 3004 quoque,
842 2933 873 2986 et
893 2945 1002 2998 verum,
1023 2933 1056 2990 ut

211 3103 233 3176 ξ·
247 3105 404 3152 ramouds'sret
421 3105 448 3152 de
466 3104 643 3212 mgimssid‘
659 3117 747 3176 samse.
772 3107 852 3164 morte,
868 3105 909 3152 sut
926 3101 1055 3154 addendum

172 3161 229 3222 filio
239 3177 266 3210 ex
276 3163 310 3210 ed,
323 3165 385 3210 Junt.
398 3170 422 3210 et
434 3163 480 3212 Ma.
514 3165 586 3211 hensa.
598 3165 657 3211 uliud
668 3162 755 3238 melius.

211 3241 235 3276 ⁹⁰
246 3241 266 3289 s'i
276 3243 411 3305 samson]
428 3251 483 3304 puto
494 3243 611 3304 legendum
623 3243 693 3290 tidem
703 3247 785 3290 waren.

210 3319 232 3354 ¹¹
247 3325 273 3368 ut
282 3336 321 3369 suns
330 3338 349 3381 q.
360 3321 421 3368 idern
437 3323 465 3369 ot
482 3323 534 3370 otiis
550 3321 701 3384 requiramus]
722 3321 758 3368 hio
771 3321 855 3384 aliquid
873 3321 939 3370 deese
954 3322 1054 3383 videtur,

179 3393 266 3442 nempe,
278 3381 300 3427 in
311 3395 355 3442 quo
372 3381 400 3428 stt
410 3383 508 3428 amentia
525 3398 555 3428 se.
568 3382 680 3454 graviores
690 3381 841 3440 aegritudines
850 3382 967 3444 suscipere.
986 3397 1054 3444 quan

179 3435 261 3486 ustura
273 3447 344 3498 cogat:
367 3447 414 3486 tuns
425 3443 498 3502 piacet
517 3441 606 3488 Davisii
616 3440 726 3488 eorrectio
734 3441 762 3487 oi
771 3441 820 3488 uto
834 3439 893 3488 idem
902 3441 1054 3504 requiramus,

179 3511 263 3558 sempe
273 3499 302 3543 ab
312 3499 345 3554 iis,
359 3499 462 3558 quittaee
473 3500 593 3562 disputant.

210 3575 235 3608 ¹²
249 3577 270 3621 st
285 3591 362 3624 enum
369 3578 436 3637 ntogn
449 3579 553 3640 serrata]
571 3578 647 3626 malim
664 3578 770 3636 percussi,
789 3593 846 3640 quae
859 3580 929 3632 subs
944 3595 1012 3646 saepe
1027 3579 1051 3628 iu'

179 3632 242 3689 libris
251 3642 406 3698 permutantur
415 3653 423 3700 5
438 3643 462 3690 et
469 3638 492 3690 is
502 3639 524 3688 tt.
536 3639 552 3688 1.
568 3643 645 3702 aptum
655 3643 697 3702 est,
707 3651 751 3688 nou
760 3638 825 3690 illud
