2538 4188
351 358 353 362 ¹
467 297 566 348 uranu
581 261 728 352 rnurrus.
857 365 859 370 ¹
975 321 1035 380 421

83 467 84 470 κ
161 437 195 514 is
209 443 310 499 modus
326 445 380 510 est,
393 443 430 500 de
444 461 500 518 quo
519 445 590 504 satis
612 449 683 518 diri,
698 452 746 527 qui
770 460 815 512 est
835 463 984 534 susceptus
998 479 1038 519 ex
1063 459 1066 466 ’

169 540 376 610 praesensione
396 559 490 600 rarum
514 542 680 604 suturarum.
723 553 810 610 Atter
832 571 871 612 ex
891 561 1037 630 perturba·

169 635 296 695 tionibus
317 643 530 711 tempestatum,
550 650 580 700 et
604 645 721 721 reliquis
741 651 875 720 nrptibus.
902 655 1037 732 ⁴'I'ertius

167 753 207 791 ax
221 737 428 796 commoditate
443 756 545 810 rerum,
567 742 588 775 ¹⁷
598 762 670 818 quas
689 750 875 822 percipimus,
889 758 920 809 et
940 756 1035 829 copie.

169 832 294 904 Quartus
307 853 347 892 en
361 844 501 896 astrorum
511 841 621 908 ordine,
633 845 767 919 caelique
781 850 957 908 constantia.
987 853 1036 912 De

127 941 128 944 ’
166 934 371 1003 praesensione
390 935 527 1004 diximus.
569 940 617 998 De
643 943 906 1016 perturbationibus
926 952 1035 1008 caeles·

166 1027 253 1096 tibus,
266 1036 296 1088 et
309 1033 472 1103 maritimis,
483 1042 513 1095 et
530 1041 662 1106 terrenis,
684 1059 743 1097 non
764 1059 912 1114 possumus
926 1047 1035 1118 dicere,

92 1167 94 1172 ·
166 1145 233 1186 eum
246 1131 375 1200 satiant,
388 1152 446 1191 non
470 1153 535 1194 esse
557 1141 672 1212 inuitos,
694 1139 744 1214 qui
768 1139 818 1198 itta
843 1150 982 1214 metuant,
1003 1155 1034 1206 et

165 1243 183 1286 s
205 1228 263 1286 diis
290 1229 498 1292 immortalibus
518 1237 587 1294 fieri
614 1226 794 1296 existiment.
837 1242 897 1299 Sed
921 1261 980 1302 non
1001 1245 1033 1305 id

81 1405 85 1411 Ι
163 1329 316 1402 quaeritur,
338 1331 437 1388 sintne
460 1333 559 1409 ntiqui,
582 1335 631 1409 qui
653 1337 812 1394 deoaesss
838 1346 958 1412 putent:
989 1343 1032 1401 dii

139 1480 145 1494 ,
162 1432 257 1486 utrum
270 1427 369 1503 ''sinq
384 1447 488 1498 necas,
498 1434 653 1506 quaeritur.
682 1422 761 1494 Nem
775 1437 903 1512 retiquae
914 1457 1031 1510 causae,

163 1543 234 1600 quas
249 1527 514 1598 cleanthes-affert,
526 1548 653 1605 quarum
678 1551 735 1591 una
749 1541 794 1592 est
816 1536 854 1592 de
866 1540 1032 1596 commodo-

161 1631 234 1694 rum,
261 1614 335 1704 quas
367 1631 509 1703 capimus,
541 1633 645 1706 copia3
679 1637 771 1695 attera
803 1636 842 1692 de
869 1642 1037 1708 temporum
1082 1668 1084 1674 1

160 1725 274 1792 orrtine,
307 1707 444 1802 castique
472 1731 662 1791 constantia:
696 1737 756 1790 tum
785 1736 986 1792 tractabuntur
1008 1739 1030 1794 'a

160 1825 255 1893 nobis,
268 1843 335 1884 cum
348 1826 558 1910 disputabimus
578 1830 616 1886 ds
630 1832 815 1903 providentia
832 1834 970 1904 deorums
990 1837 1028 1894 de

159 1941 216 2002 qua
229 1925 383 1996 plurimas
409 1932 447 1992 tc,
462 1929 565 1997 Balbe,
589 1928 669 1987 dieta
688 1935 773 1988 sunt:
802 1933 1027 2006 eodemquedie
1060 1967 1061 1970 κ

158 2022 247 2081 etism
267 2025 441 2092 differemus,
467 2027 543 2100 quod
572 2027 767 2102 Chrysippum
791 2030 890 2089 dicere
917 2031 1025 2106 ajebas,

157 2124 292 2198 quoniam
319 2130 396 2182 esset
427 2124 540 2201 aliquid
563 2125 594 2184 in
621 2145 714 2185 rernm
742 2135 854 2198 nutura,
881 2131 957 2204 quod
985 2131 1024 2188 ab

156 2222 275 2280 homins
301 2223 378 2280 effici
397 2241 456 2280 non
478 2231 583 2296 posset,
603 2243 666 2282 esse
688 2227 805 2284 homine
831 2228 940 2302 aliquid
966 2245 1024 2286 me·

155 2321 229 2380 lius:
261 2336 390 2394 quaeque
426 2319 458 2376 in
486 2321 573 2375 domo
604 2323 703 2390 pulcra
733 2341 800 2380 cum
827 2325 1023 2396 pulcritudine

155 2417 468 2490 mundieomparahss‚
490 2411 603 2473 etcum
621 2417 708 2472 totius
722 2421 823 2475 mnndi
843 2427 1023 2484 convenien-

156 2519 227 2577 tiam
249 2531 479 2590 consensumque
493 2514 641 2582 s'fferebas,
656 2515 844 2590 Zenonisque
867 2520 978 2590 breves,
993 2527 1024 2581 et

154 2618 286 2676 acutulas
300 2612 525 2676 conclusiones
516 2631 546 2670 ra
561 2629 626 2669 sam
641 2621 752 2687 partem
772 2616 922 2681 sermonis,
936 2635 1022 2693 quarn

153 2717 241 2774 modo
253 2714 325 2780 diri,
338 2713 519 2770 differemus:
541 2713 700 2802 eodemque
712 2719 840 2788 ternpore
852 2717 903 2798 itta
913 2717 1022 2789 omnia,

154 2829 259 2890 quasa
280 2819 309 2871 te
325 2812 446 2886 physice
467 2809 627 2868 dictasunt
641 2813 677 2868 da
700 2812 732 2870 ui
754 2813 850 2888 ignea,
870 2793 963 2891 deque
985 2835 1022 2876 eo

153 2916 261 2978 satore,
288 2931 326 2970 ex
354 2910 532 2986 quaomnia
559 2911 692 2984 generari
719 2911 847 2980 dicebas,
876 2917 941 2972 tocn
968 2935 1021 2976 suo

153 3007 340 3088 quacientur:
359 3010 523 3086 omniaque,
537 3025 610 3084 quae
624 3026 642 3108 a
657 3014 685 3066 te
695 3007 716 3042 ¹⁹
724 3011 929 3071 nudiustertius
940 3015 1020 3075 «licta

182 3163 486 3234 ”mmmmm
462 3161 556 3210 swam·
566 3161 642 3210 florii.
661 3115 699 3210 alii
717 3168 741 3211 et
759 3165 810 3213 edd.
830 3171 885 3214 vett.
905 3168 1018 3225 sommus.-
1084 3161 1087 3164 ’

153 3221 222 3281 Vuig.
231 3223 375 3280 meaptmus

183 3301 204 3334 ¹¹
217 3313 286 3348 sune
294 3301 348 3370 strat]
368 3300 445 3350 addidi
447 3305 456 3346 t
466 3301 511 3347 sint
520 3315 533 3346 e
543 3301 600 3348 Mas.
612 3305 636 3348 et
649 3299 700 3348 edd
710 3306 765 3349 vett.
779 3302 889 3352 Davisius.
902 3305 939 3355 sed
950 3320 1017 3390 supra

153 3359 286 3411 misvimm,
297 3359 617 3407 idmmecioermmanum

179 3436 1017 3508 ¹¹nudmtebus1hosebumnhbi.aiien1enumest,cumtotabaec

151 3483 398 3558 disputatiocoutiuem
407 3503 432 3545 et
441 3497 505 3546 unius
511 3497 557 3546 diei
573 3497 648 3545 tuerit.
671 3497 777 3548 Videtur
791 3502 966 3552 ssessiibrario
976 3507 1015 3554 snt

190 3592 262 3636 vor..
282 3595 335 3636 xv.
569 3581 608 3634 38
