2558 4198
496 281 604 332 urana
618 281 752 332 mmor.
986 287 1055 349 293

91 471 93 478 ι
182 445 288 494 mer.
304 447 364 492 non
383 429 572 506 philoooplror
589 435 693 502 uolam,
716 433 769 490 nai
789 431 879 490 etiam
899 431 1048 490 indoctos:

181 530 332 611 iqteamur,
345 536 480 590 constare
498 531 573 590 illud
585 531 684 600 etiam,
702 533 779 591 hano
800 549 853 590 nou
866 533 973 590 moero
986 532 1052 590 aive

150 674 152 680 ¹
182 631 434 706 anticipationem,
453 637 485 689 nt
499 636 569 690 anto
587 631 659 700 dixi,
673 631 737 690 nire
752 633 970 707 praenotionem
984 633 1052 688 deo·

181 749 254 790 rum.
268 736 336 788 aunt
349 732 429 792 euim
451 734 535 790 rebrrr
558 731 643 790 novin
665 749 745 790 nora
768 733 903 806 ponenda
923 731 1051 796 nomino,

181 836 215 888 ut
238 830 380 902 Epicurus
407 831 469 905 ipre
497 829 623 911 spanaio
656 833 833 907 appellarit,
853 847 940 907 quam
962 833 1052 888 antea

181 944 269 988 neruo
289 946 326 986 eo
353 933 444 990 verbo
465 934 638 992 nominarat.
684 933 771 990 Hono
795 931 883 1007 igilur
902 932 1051 998 habemur,

182 1033 214 1086 ut
228 1030 298 1086 deon
312 1032 411 1091 beator
434 1039 466 1090 et
484 1033 663 1091 immortales
678 1038 827 1107 putemur.¹
861 1031 944 1104 Quae
971 1029 1052 1088 enim

183 1131 267 1186 nolula
287 1137 388 1188 nutura
412 1132 646 1191 informationem
671 1134 789 1190 (leonum
807 1131 934 1205 ipsorum
960 1128 1057 1196 dedit,

182 1231 285 1288 eadem
299 1230 453 1304 inaoulpait
466 1233 497 1290 in
521 1234 676 1301 mentibus,
691 1237 723 1289 ut
736 1249 785 1288 eoa
806 1236 940 1288 aeternos
953 1235 985 1287 el
1003 1231 1052 1286 be·

182 1333 245 1386 atos
259 1331 440 1388 haberemur.
481 1333 566 1404 Quod
581 1333 606 1389 ai
621 1331 664 1389 ita
682 1337 736 1399 eet,
750 1349 820 1388 vere
841 1330 977 1404 exposita
999 1329 1052 1387 illa
1122 1391 1127 1401 ¹

181 1429 330 1486 uenientia
343 1435 387 1487 ert
402 1431 441 1486 ab
454 1429 590 1503 Epiouro,
606 1431 691 1503 Quod
705 1436 864 1498 aeternum,
878 1432 1052 1502 beatumque

181 1527 270 1613 nitid
285 1545 341 1586 nee
356 1531 464 1586 habere
476 1529 571 1601 ipsum
584 1530 696 1604 negotii
714 1530 880 1604 quidquam,
899 1545 955 1586 neo
969 1526 1053 1584 exbi-

182 1629 251 1684 bere
264 1627 359 1685 alteri.
368 1627 466 1703 iterpre
478 1647 573 1703 neque
582 1629 634 1696 ira,
644 1645 739 1703 neque
750 1631 843 1702 gratia
854 1627 957 1694 teneri,
966 1627 1051 1701 quod,

182 1743 256 1802 qaue
271 1727 341 1784 talio
355 1735 463 1794 errent,
477 1728 628 1786 imbecilla
653 1733 750 1786 errent
770 1726 877 1784 omnia.
920 1725 954 1782 Si
977 1725 1052 1782 nihil

181 1825 260 1884 aliod
284 1843 496 1900 quaereremus,
515 1827 573 1884 nini
588 1828 703 1884 uideor
724 1825 773 1901 pie
793 1828 963 1893 coleremus,
976 1830 1007 1882 et
1020 1828 1053 1881 ut

179 1923 201 1960 '¹’
208 1925 414 1998 superstitione
429 1926 624 1993 liberaremur,
638 1926 709 1984 ralia
729 1930 792 1984 erat
805 1926 924 1983 dietum.
939 1939 1008 1982 uam
1020 1928 1052 1981 et

180 2030 330 2100 praestana
343 2027 464 2083 deorum
487 2033 598 2092 natura,
613 2025 762 2084 hominum
776 2026 884 2099 pietate
898 2026 1051 2090 coleretur,

180 2130 292 2182 uomet
311 2132 431 2183 aeterna
445 2131 530 2194 esaei,
545 2129 575 2182 et
598 2125 773 2183 beatiamma.
790 2127 878 2182 habet
901 2124 980 2182 enim
999 2141 1052 2180 ve·

181 2224 490 2299 nerationemjualam
504 2225 641 2300 quidquid
663 2226 801 2284 expellit:
823 2230 854 2283 et
874 2230 968 2282 metus
992 2241 1051 2280 om·

181 2325 228 2382 nia
242 2343 259 2380 a
274 2325 305 2381 vi
320 2331 406 2398 alque
433 2325 477 2380 iro
500 2326 620 2381 deorum
642 2327 739 2398 pulsor
763 2331 849 2382 esset.
877 2323 1053 2398 intelligitur

183 2423 271 2487 euim,
290 2423 417 2487 abeala,
431 2422 643 2496 immortalique
664 2428 817 2480 naturaet
839 2425 922 2490 iram,
945 2430 976 2481 et
989 2441 1058 2498 gras

184 2521 254 2578 tiam
265 2521 426 2594 segregari:
447 2521 550 2594 quibu·
564 2520 691 2587 remotis,
706 2522 800 2576 nullos
812 2537 828 2576 n
842 2523 952 2593 superio
969 2521 990 2554 '²⁰
999 2522 1052 2579 im·

182 2621 310 2694 pendero
326 2625 427 2676 metue.
471 2621 529 2676 Sed
551 2619 587 2676 ad
603 2621 678 2676 hano
699 2619 926 2676 confirmandam
941 2619 1052 2691 opinio·

183 2737 251 2780 nera
265 2719 391 2794 anquirit
405 2719 518 2776 animun
528 2726 557 2776 et
568 2719 696 2785 formam,
706 2726 736 2776 et
747 2719 849 2787 vitum,
861 2723 891 2775 et
905 2719 1053 2776 actionem

182 2820 299 2885 mentis,
313 2826 400 2894 atque
415 2819 604 2892 agitationem
618 2819 648 2874 in
670 2820 735 2878 deo.

224 2921 273 2978 Ao
286 2921 323 2976 rie
338 2921 429 2978 forma
452 2919 568 2993 quidem
584 2919 687 2991 parlim
710 2921 811 2976 natura
832 2933 885 2973 noe
906 2917 1053 2985 admonet,
1066 2910 1104 2968 18

183 3019 289 3092 partim
303 3017 377 3075 ratio
389 3019 484 3076 (louet.
498 3035 564 3075 nam
579 3035 596 3074 a
611 3023 712 3076 natura
728 3018 866 3075 hahemus
880 3025 980 3073 omnes
995 3033 1055 3074 om·

183 3118 264 3176 nium
288 3118 416 3192 gentium
431 3118 560 3192 speeiem
575 3120 684 3175 nullam
698 3117 796 3187 aliam,
810 3117 867 3174 nisi
887 3117 1054 3194 humanam,

182 3219 311 3276 deorum.
332 3235 404 3293 quae
425 3199 511 3276 enim
528 3218 586 3274 alia
600 3217 690 3274 forma
715 3217 841 3274 ooourrit
854 3232 988 3291 nmquam
1003 3221 1053 3274 aut

184 3316 320 3394 vigilanti
348 3317 489 3394 cuiquam,
511 3323 562 3375 aut
584 3313 767 3376 dormienti?
808 3317 867 3375 Seu
895 3335 932 3374 ne
954 3317 1053 3377 omnia

213 3493 235 3526 ⁷⁵
250 3494 411 3556 superstitione]
431 3494 444 3540 i.
457 3509 477 3540 e.
489 3493 549 3540 inani
560 3497 620 3539 melu
629 3493 729 3552 deorum,
740 3498 765 3541 ut
775 3497 838 3556 patet
849 3507 860 3539 e
871 3507 917 3556 sqq.
967 3481 970 3490 ’

213 3571 236 3604 ⁷⁴¹
254 3572 388 3636 impendere]
409 3573 492 3636 pendet
502 3571 530 3620 nb
540 3573 686 3631 intelligitur.

225 3667 295 3711 rou.
310 3671 363 3712 xv.
643 3651 708 3712 25*
