2552 4208
458 379 557 430 LlBBR
570 369 722 431 isaurum
981 387 1042 450 145

175 529 312 606 Negabat
326 545 418 604 genus
444 529 502 588 hoo
525 530 666 589 omtiouis
690 531 845 607 quidquam
867 529 988 590 omniuo
1007 531 1046 590 ad

173 633 332 691 levandam
346 631 560 706 aegritudinem
574 633 729 706 pertinere.
744 632 774 690 id
788 631 868 690 enim
881 633 976 707 ipsum
996 633 1047 692 do-

171 733 292 791 lendum
306 749 371 788 esse
384 731 510 798 dicebat,
532 733 611 808 quod
625 733 657 790 in
678 737 736 790 tam
757 733 905 791 crudelem
919 731 1047 792 necessi·

173 837 265 891 tutem
287 829 499 889 incidissemus.
514 849 582 890 uum
603 832 683 890 illum
698 831 813 906 quidem
830 831 992 890 orationem
1006 847 1047 890 ex

174 917 451 990 commemoratione
479 931 640 990 alienorum
668 935 807 989 malorum
832 931 869 988 ad
891 932 1046 989 malivolos

174 1031 367 1088 consolandos
382 1049 445 1089 esse
466 1034 696 1090 accomodatum.
718 1031 790 1088 milri
804 1047 876 1088 vero
896 1032 983 1104 louge
1003 1029 1047 1088 vi·

174 1131 260 1188 detur
273 1147 366 1188 secus.
390 1136 501 1189 namet
529 1132 689 1190 necessitas
710 1131 848 1188 terendas
868 1129 1047 1188 conditionis

174 1228 330 1297 humanae,
354 1230 436 1304 quasi
459 1233 596 1288 eumden
614 1229 764 1306 ’pugnare
785 1227 928 1303 prohibet,
950 1229 1048 1286 admo-

144 1315 283 1406 'uelque
312 1345 377 1408 esse
406 1329 572 1388 hominem:
606 1347 679 1404 quae
701 1328 843 1403 cogitatio
870 1343 1047 1403 magnopere

175 1430 286 1487 lustum
314 1431 412 1486 levat:
433 1433 464 1484 et
494 1429 674 1486 enumeratio
697 1431 906 1503 exemplorum,
935 1445 994 1485 nou
1015 1429 1048 1484 ut

175 1527 306 1586 animum
328 1527 531 1586 malivolorum
554 1529 693 1594 oblectet,
714 1521 839 1595 effertur,
858 1528 910 1584 sed
933 1532 965 1585 ut
985 1526 1048 1594 ille,

176 1628 228 1702 qui
249 1633 366 1696 moeret,
377 1628 529 1710 terendum
556 1625 613 1682 sibi
639 1625 668 1682 id
695 1632 825 1692 censeat,
846 1626 922 1700 quod
946 1625 1048 1682 videat

176 1727 284 1786 multos
318 1727 475 1789 moderate,
494 1732 526 1783 et
553 1725 707 1799 tranquille
738 1725 849 1783 tulisse.
904 1724 1049 1782 Omnibus

175 1825 256 1884 enim
272 1827 364 1883 modis
378 1825 518 1883 fulciendi
528 1829 609 1891 suut,
623 1824 671 1896 qui
683 1829 777 1892 ruunt,
797 1821 878 1881 ³neo
890 1825 1047 1882 cohaerere

175 1931 296 2000 possunt
308 1932 425 2000 propter
451 1924 681 1999 magnitudinem
709 1924 907 1998 aegritudinis.
930 1941 969 1981 ea
990 1939 1047 1999 quo

175 2024 270 2098 ipsum
299 2025 510 2099 aegritudinem
530 2021 626 2087 ‘amr
652 2024 843 2098 Chrysippus,
867 2023 949 2099 quasi
973 2025 1047 2081 solu·

177 2123 287 2181 tionem
311 2124 398 2182 totius
420 2123 556 2191 hominis,
576 2125 752 2197 appellatam
777 2129 867 2197 putat.
889 2141 963 2198 quae
985 2127 1048 2182 tota

176 2225 283 2298 poterit
313 2223 414 2291 evelli,
442 2223 600 2297 explicata,
628 2229 660 2280 ut
689 2223 834 2297 principio
857 2223 931 2291 dixi,
957 2239 1047 2281 eausa

177 2323 376 2397 aegritudiuis.
391 2329 436 2380 est
449 2323 529 2380 enim
550 2323 630 2380 nulla
644 2323 712 2391 alia,
731 2323 789 2380 uisi
803 2323 912 2395 opinio,
924 2327 954 2379 et
970 2322 1048 2396 judi·

177 2422 255 2480 oium
267 2422 365 2497 magni
380 2421 548 2494 praesentis,
563 2427 649 2496 atque
663 2421 791 2495 urgentis
805 2421 883 2479 mali.
904 2423 1001 2497 itaque
1016 2426 1048 2481 et

177 2523 260 2580 dolor
273 2521 411 2594 corporis,
421 2521 504 2594 eujus
518 2527 563 2577 est
576 2538 686 2577 morsus
702 2522 869 2588 acerrimus,
888 2520 1048 2594 ‘perfertur

177 2639 229 2699 spe
244 2621 390 2697 proposita
408 2621 487 2677 boni.
508 2623 539 2678 et
559 2625 625 2677 ueta
649 2625 730 2676 aetas
750 2621 880 2688 honeste,
894 2637 930 2678 uo
951 2625 1048 2692 splen·

178 2723 256 2791 dide,
284 2726 395 2779 tautam
422 2719 505 2776 affert
532 2719 771 2788 consolationem,
796 2725 827 2776 ut
851 2736 911 2786 eos,
932 2719 982 2794 qui
1006 2719 1070 2776 itu·

178 2823 320 2889 vixerint,
338 2819 412 2877 'eut
433 2836 492 2876 nou
515 2822 615 2892 tangat
642 2817 801 2892 aegritudo,
821 2824 871 2875 aut
891 2819 1049 2894 perleviter

177 2929 287 3002 pungat
300 2919 391 2979 enimi
401 2920 492 2977 dolor.

192 3087 335 3194 οἷῧῃηη
353 3081 470 3144 millet]
502 3081 539 3130 Sic
558 3081 616 3130 bene
630 3080 678 3130 Ms.
699 3077 795 3130 [iliensis
811 3081 875 3130 Leid.
896 3095 938 3145 pro
957 3081 1049 3142 vulgata

180 3161 191 3196 c
218 3164 227 3194 ι
263 3183 268 3193 .

211 3228 222 3260 ³
236 3241 276 3274 nec
286 3224 398 3272 column
413 3221 512 3284 puerunt]
529 3221 544 3270 i.
555 3237 575 3270 e.
587 3221 716 3280 consistere,
733 3225 840 3283 perstare.
860 3235 912 3268 uam
930 3233 990 3282 quse
1004 3229 1049 3268 noa

181 3287 303 3334 cohaerent
312 3285 351 3330 ard
360 3283 517 3337 dissoluuntur,
528 3297 555 3329 eu
565 3283 685 3330 concidunt
699 3287 724 3328 et
729 3288 802 3329 ruunt.

210 3368 222 3402 ⁴
235 3383 294 3418 aaa„
309 3363 465 3428 Chrysippus]
497 3363 544 3410 Mu.
557 3363 622 3410 Leid.
634 3371 657 3409 et
673 3363 725 3410 edd.
736 3365 792 3409 vett.
808 3361 929 3423 quaedam,
943 3362 969 3408 ut
985 3359 1049 3408 lunt.

180 3429 274 3484 addunt,
285 3431 310 3476 id
319 3431 350 3474 eu
362 3439 430 3474 avers.
442 3427 501 3489 quod
512 3440 525 3470 a
535 3425 658 3484 glossatore
667 3428 708 3469 ert.

210 3512 222 3544 ⁶
231 3509 364 3569 perfeetum]
389 3507 426 3555 Sis
436 3507 484 3554 Mu.
495 3505 570 3553 Gueli.
582 3511 605 3551 et
613 3503 664 3549 edd.
674 3506 730 3548 vett.
741 3515 785 3548 uon
795 3503 821 3548 ut
831 3499 904 3560 uulgg.
913 3469 1050 3558 [perferetur.

211 3591 223 3622 θ
239 3593 278 3636 aut
287 3602 333 3635 uuir
346 3591 423 3644 tungul
432 3581 567 3644 aegritudo]
600 3583 658 3630 Mus.
679 3580 762 3628 habeut
772 3579 876 3638 attingat,
887 3579 958 3626 bene:
980 3580 1053 3638 usgru-

181 3647 236 3702 turlo
245 3647 389 3706 reuelriget:
406 3659 458 3694 nam
471 3644 567 3703 uuugu
581 3641 676 3689 retertur
694 3639 725 3688 sd
743 3639 817 3688 uuimi
834 3639 895 3688 dolor
915 3645 940 3688 ut
956 3643 1051 3700 motget.

220 3745 291 3792 rou.
312 3745 366 3788 xv.
438 3805 447 3820 ι
616 3725 653 3780 la
