3354 4234
668 322 913 380 nrannrnrnus.
1181 331 1224 394 ῃ

353 477 478 550 discere,
500 479 552 538 scd
576 477 792 540 reminiscendo
812 493 1039 554 recognoscere:
1070 491 1128 536 nec
1152 489 1225 536 vero

354 579 418 639 lieri
432 583 493 638 ullo
515 580 603 636 modo
622 597 715 653 posse,
730 584 761 636 nt
782 596 800 636 a
827 579 922 652 pueris
948 583 991 636 tol
1014 594 1118 646 rerum,
1138 583 1225 654 atque

352 683 498 738 tantarum
523 678 635 746 insitas,
650 682 680 735 et
700 677 783 752 qnasi
796 678 984 752 consignatas
998 677 1029 734 in
1044 677 1150 735 animis
1174 695 1225 736 no-

353 777 458 845 tiones,
480 795 549 852 ques
570 799 654 841 nesrac
678 782 797 850 vocant,
820 778 1001 846 haberemus,
1023 776 1079 834 nisi
1101 777 1225 846 animus,

352 881 508 950 antequam
522 876 553 936 in
578 893 681 950 corpus
702 876 880 945 intravisset,
894 876 925 934 in
938 893 1034 934 rerum
1054 875 1224 950 cognitione

351 975 504 1049 viguisset.
542 973 563 1006 '⁸
573 975 704 1050 Cumque
718 975 792 1033 nihil
806 980 892 1044 esset,
906 980 938 1033 ut
961 974 1094 1032 omnibus
1108 975 1181 1032 locis
1204 991 1224 1032 a

351 1072 478 1134 Platone
500 1075 659 1142 disseritur,
679 1071 767 1153 (nihil
792 1074 872 1134 enim
890 1074 942 1132 ille
963 1079 1045 1148 pntnt
1059 1091 1132 1142 esse,
1146 1075 1223 1150 quod

349 1173 458 1232 oriatur
471 1179 501 1232 et
514 1175 649 1242 intereat,
662 1174 748 1250 idque
762 1175 855 1232 solum
868 1173 1026 1249 essequod
1040 1177 1222 1248 sempectala

348 1273 397 1341 sit,
415 1272 560 1350 ⁸⁹qualem
574 1273 671 1331 ideam
692 1275 821 1348 appellat
844 1274 905 1343 ille,
919 1290 973 1330 nos
997 1270 1141 1350 speciem)
1160 1292 1222 1333 non

349 1375 445 1450 potuit
468 1375 582 1432 animus
607 1375 681 1432 hacc
694 1373 726 1430 in
747 1389 868 1446 corpora
889 1373 1019 1432 inclusus
1041 1390 1220 1448 agnoscere:

349 1473 469 1546 cognita
483 1472 590 1529 attulit.
610 1490 650 1528 ex
670 1489 728 1547 qno
742 1478 802 1529 lam
826 1474 980 1530 multarum
1004 1490 1099 1532 rerum
1121 1472 1222 1547 cogni·

351 1571 439 1630 tionis
451 1569 604 1626 admiratio
615 1569 733 1627 tollitur.
748 1587 842 1643 neque
856 1588 891 1626 ea
903 1573 989 1642 plane
1004 1572 1087 1627 ridet
1098 1571 1221 1640 enimus,

348 1685 417 1728 curn
439 1675 499 1726 tarn
523 1672 643 1742 repenle
670 1667 702 1724 in
715 1667 865 1725 insolitum
890 1672 1007 1742 temque
1020 1671 1221 1742 perturbatum

348 1769 530 1828 domicilium
557 1767 745 1842 immigravit‚
769 1769 821 1825 sed
848 1784 916 1825 cum
939 1785 972 1825 se
992 1767 1113 1842 collegit
1134 1773 1232 1844 atque·

347 1868 502 1937 recreavit,
517 1872 578 1928 tum
591 1867 725 1944 agnoscit
745 1866 796 1924 ills
820 1867 1044 1926 reminiscendo.
1086 1869 1133 1924 lta
1144 1867 1220 1926 nihil

346 1949 427 2027 eliud
440 1973 486 2026 est
508 1966 631 2035 discere,
646 1966 703 2026 nisi
727 1965 879 2024 recordari.
906 1983 963 2040 ego
984 1971 1082 2024 aulem
1109 1967 1219 2040 majore

300 2097 302 2102 ·
346 2068 436 2129 elium
462 2067 587 2142 quodem
612 2065 698 2124 modo
720 2064 889 2122 memoriam
917 2066 1051 2123 admiror.
1076 2065 1145 2140 quid
1173 2071 1219 2125 est

345 2167 425 2226 enim
434 2166 516 2234 illud,
534 2181 591 2240 quc
605 2161 813 2222 meminimus?
831 2170 882 2222 eut
909 2181 994 2240 quam
1021 2165 1111 2222 habet
1130 2162 1218 2224 viml

343 2264 375 2298 ”⁰
384 2271 434 2323 aut
448 2265 525 2323 unde
547 2260 667 2322 natam?
687 2279 747 2320 non
760 2279 876 2337 quaero,
890 2268 997 2338 quanta
1011 2264 1150 2322 memorie
1172 2266 1217 2324 Si·

344 2364 478 2424 monides
504 2360 593 2420 luisse
614 2361 736 2430 dicatur,
755 2366 863 2436 quanta
889 2361 1090 2432 Theodectes,
1108 2369 1216 2439 quanta

343 2461 379 2531 is,
392 2461 442 2538 qui
454 2479 473 2519 a
487 2461 600 2535 Pyrrho
613 2462 725 2534 legatus
745 2461 782 2516 ed
802 2464 938 2518 senatum
961 2466 1006 2520 est
1029 2463 1142 2530 missus,
1157 2463 1216 2538 Cy·

343 2577 425 2626 nens,
438 2563 547 2633 quantu
560 2573 651 2632 nuper
662 2557 850 2626 Charmadas,
864 2561 1043 2636 quamnqui
1056 2563 1142 2620 modo
1151 2561 1215 2632 luit,

345 2658 484 2733 Scepsius
499 2657 690 2724 Metrodorus,
704 2663 811 2732 quauta
830 2664 929 2716 noster
950 2659 1137 2717 Hortensius:
1158 2659 1214 2718 ¹rle

339 2755 490 2819 communi
513 2753 662 2814 hominum
683 2755 823 2812 memoria
843 2757 952 2830 loquor,
966 2760 997 2813 et
1015 2773 1113 2814 eorum
1135 2774 1214 2815 max·

342 2858 410 2928 ime,
424 2853 518 2931 quiin
538 2851 636 2927 aliquo
649 2853 758 2926 majore
784 2852 890 2922 studio,
901 2857 934 2910 et
953 2858 1015 2910 arte
1043 2861 1213 2914 versantura

369 3010 392 3045 ⁸⁸
406 3007 575 3070 compesuit
584 3007 644 3070 esset]
661 3007 770 3070 reliquum
780 3006 847 3056 estin
862 3005 999 3070 parenthesi,
1009 3011 1033 3056 et
1048 3020 1075 3056 ex
1084 3021 1112 3056 ea
1127 3009 1214 3060 intelli-

340 3071 437 3132 gendum
447 3069 505 3132 quod
514 3069 612 3116 oriretur
622 3071 642 3114 et
656 3067 767 3116 iruerint.

370 3149 393 3184 ⁰⁹
406 3149 494 3211 qualern
502 3146 576 3194 idam
584 3161 606 3194 a.
615 3147 643 3208 i]
674 3146 734 3194 Puto
743 3146 860 3206 legendum
869 3161 944 3208 mum.

368 3229 400 3263 ¹⁰⁰
413 3232 455 3275 cut
470 3227 531 3274 unm
539 3225 655 3287 naturum]
671 3229 755 3272 satura
765 3226 818 3287 qnid
828 3227 865 3272 trie
878 3226 916 3285 sit,
925 3237 992 3274 nemo
1007 3226 1080 3274 dicat:
1099 3227 1157 3279 Mar.
1174 3242 1210 3290 ap.

338 3286 458 3337 Davisium
474 3285 572 3342 habent3
587 3285 646 3346 quod
666 3283 788 3332 lombinus
802 3286 929 3344 conjecerat
946 3289 1029 3332 nolum.
1047 3287 1108 3347 qued
1129 3287 1209 3348 recepi.

338 3345 425 3394 Vitium
435 3350 509 3394 ortum
516 3350 570 3391 este
580 3343 711 3403 compendio
717 3348 800 3404 mmm,
812 3344 870 3406 qnod
881 3349 915 3392 est
924 3344 947 3392 ln
956 3343 1030 3392 Guell.
1042 3345 1102 3406 quod
1112 3349 1136 3392 et
1144 3351 1211 3394 sclu-

339 3417 390 3454 rum
399 3409 423 3450 et
432 3410 509 3452 nulum
518 3403 563 3462 legi
573 3407 654 3464 polest.

340 3482 378 3552 ,¹
392 3483 419 3529 cle
433 3481 546 3552 ommuni
560 3479 677 3538 lominum
686 3481 727 3542 m]
759 3480 796 3529 sic
805 3480 857 3530 edd.
869 3483 924 3531 vett.
936 3484 961 3532 el
976 3481 1024 3532 Ml.
1043 3481 1118 3536 Guell.
1134 3489 1210 3534 recen·

336 3542 407 3596 hores
417 3555 525 3588 mnium.

379 3637 518 3681 vonxr.
549 3643 550 3648 ¹
776 3617 795 3676 t
