2558 4198
244 337 310 404 ³70
436 349 439 355 ·
493 327 538 384 na
557 331 697 382 annuns
717 297 862 382 unoauu

242 479 265 516 '¹
274 483 354 540 nulle
367 481 545 542 cohaerendi
557 489 678 556 nntnrn3
696 483 748 540 serl
761 487 792 542 ut
803 483 943 548 arborem,
952 485 984 548 nt
995 480 1124 553 animal,

243 581 391 655 inquibus
415 583 495 640 nulla
510 583 667 646 temeritas,
681 583 733 640 sed
757 583 829 640 ordo
848 587 978 655 apparet,
992 589 1022 638 et
1047 583 1119 640 artie

193 677 385 755 83qnaetlam
405 681 574 740 similitudo.
616 681 702 754 Quod
717 681 742 739 si
754 701 799 750 ea,
812 699 885 756 quse
900 698 917 738 a
932 688 1008 739 terra
1021 681 1118 755 stirpi·

243 783 297 840 bne
311 780 507 848 eontinentur,
520 787 584 840 arte
596 788 717 840 naturae
732 783 847 847 vivunt,
868 785 898 838 el
913 781 1033 854 vigent:
1055 799 1120 854 pro·

241 879 324 938 ¹lento
336 881 401 955 losa
417 885 492 939 terra
507 882 612 939 eadem
625 881 656 938 vi
676 881 851 947 coutimini,
866 887 896 937 et
910 886 972 937 urle
986 887 1117 948 naturae,

243 979 438 1056 quippeqnae
464 981 616 1056 gravidata
639 979 807 1045 seminibus,
834 979 932 1052 omnia
956 978 1059 1052 pariat,
1087 981 1118 1036 et

243 1075 345 1136 tundat
358 1097 397 1138 err
412 1097 485 1146 sese,
500 1081 603 1154 stirpes
625 1080 762 1151 amplexu
786 1081 845 1135 alat
871 1084 900 1134 et
915 1083 1030 1152 augeat,
1043 1076 1119 1150 ipsa·

243 1193 300 1250 qne
319 1180 415 1236 alatur
438 1179 568 1236 vicissim
592 1195 610 1235 a
634 1179 755 1252 superis,
783 1178 970 1252 externisque
997 1177 1117 1235 naturis.

243 1273 441 1351 Eiusdemque
466 1277 711 1350 exspirationibus
736 1276 787 1334 air
809 1277 903 1344 alitur,
918 1283 948 1334 et
962 1277 1073 1343 aether,
1086 1279 1119 1334 et

244 1375 343 1433 omnis
357 1391 468 1447 supera.
511 1375 605 1442 lta,si
627 1381 703 1432 terra
725 1381 956 1433 naturalenelnr
980 1382 1009 1432 el
1026 1377 1119 1451 viget,

157 1529 159 1536 .
244 1475 347 1532 endem
358 1475 433 1532 ratio
446 1475 476 1532 ln
488 1475 599 1550 reliquo
613 1475 721 1536 mrrndo
734 1481 787 1532 est.
811 1475 915 1548 stirpes
929 1477 1008 1534 enirn
1024 1482 1120 1533 terrae

243 1573 408 1632 inhaerent.
423 1573 586 1632 animantes
604 1580 702 1632 autern
723 1573 919 1648 adspiratione
937 1575 1013 1632 airis
1035 1573 1121 1632 susti·

244 1681 368 1732 neutuna
389 1674 507 1749 ipseque
529 1674 581 1733 ae‘r
595 1674 746 1732 uobiscum
761 1675 851 1741 viriet,
863 1674 1012 1732 nobiscnm
1028 1673 1119 1742 audit,

244 1774 396 1830 nobiseum
407 1779 500 1832 sonat.
516 1773 588 1832 nibil
608 1775 687 1832 enim
702 1791 799 1830 eornm
810 1773 875 1831 sine
886 1791 923 1830 eo
936 1771 998 1831 lieri
1012 1775 1119 1848 potest.

246 1853 442 1944 Quinetiam
473 1879 607 1930 movetur
634 1873 794 1930 nobiscum.
823 1889 1002 1948 qnanumqne
1036 1873 1118 1930 enim

244 1967 329 2035 lmus,
342 1987 521 2047 quacumque
533 1989 692 2036 movemur,
708 1972 822 2030 vitietur
832 1971 914 2045 qnasi
928 1974 1023 2030 locum
1037 1973 1118 2041 dare,

202 2145 203 2148 Ἴ
244 2072 275 2127 et
288 2070 401 2126 oerlere.
444 2071 583 2143 Quaeque
609 2073 639 2126 io
662 2071 789 2128 medinm
810 2073 905 2128 louum
930 2071 1040 2140 mnndi,
1067 2071 1120 2146 qni

245 2153 290 2226 est
305 2166 429 2226 iniimus.
458 2173 488 2223 et
515 2185 588 2241 quae
614 2185 631 2224 a
652 2170 748 2227 medio
772 2171 803 2228 iu
829 2185 972 2244 superum,
986 2186 1118 2247 quaeque

244 2267 439 2326 eonversione
471 2269 593 2324 rotunda
622 2267 732 2328 nirenm
762 2271 888 2328 medinm
915 2271 1053 2340 iernutnr,
1081 2287 1119 2329 ea

244 2367 446 2424 eontinentem
461 2367 562 2426 mnndi
584 2369 714 2428 efficiunt
727 2371 870 2445 unamque
895 2377 1035 2429 naturam.
1078 2371 1119 2430 Et

244 2481 310 2524 eum
331 2471 465 2540 quattuor
495 2467 553 2526 sint
581 2487 689 2544 genera
716 2487 878 2544 corporum,
912 2471 1119 2529 vicissitudine

244 2581 343 2624 eornm
358 2567 456 2624 mnndi
480 2567 650 2626 continuata
665 2573 768 2626 natura
781 2575 832 2626 est
876 2569 955 2628 Nam
970 2587 1007 2628 ex
1030 2577 1118 2640 terra,

244 2681 337 2740 squar
357 2685 395 2723 ex
418 2683 502 2740 aqua,
515 2666 605 2723 oritur
618 2665 685 2723 a'e'r:
706 2685 744 2725 ex
768 2668 846 2735 abire,
867 2669 985 2726 aether:
1006 2671 1116 2727 deinde

243 2771 397 2822 retrorsum
418 2764 549 2822 vicissim
571 2783 610 2822 ex
633 2767 762 2834 aethere,
785 2767 852 2838 alir3
872 2785 912 2826 ex
931 2768 1009 2837 abire,
1023 2787 1117 2844 squar

244 2879 283 2922 ex
308 2881 392 2938 aqua,
417 2869 491 2923 terra
512 2863 620 2922 intima.
664 2867 716 2923 Sin
744 2867 853 2924 naturis
873 2867 927 2932 bis,
949 2885 987 2926 ex
1012 2869 1117 2943 quibua

243 2949 342 3021 omnia
375 2969 520 3029 constant,
554 2981 675 3032 sursum,
701 2965 843 3034 demeum,
871 2969 955 3035 ultro,
982 2969 1115 3042 nitroque

243 3064 483 3127 ammantibus,
498 3063 597 3120 mnudi
609 3063 732 3136 partium
753 3066 924 3139 conjunctio
937 3068 1115 3127 continetur.

244 3161 329 3235 erae
343 3169 391 3220 ant
405 3167 581 3236 sempiterna
594 3165 633 3221 sit
655 3181 775 3222 neeesse
798 3171 851 3234 est,
871 3169 929 3226 hoo
952 3169 1056 3226 eodem
1069 3185 1114 3224 or·

242 3267 322 3328 nutu,
343 3281 428 3338 quem
443 3265 593 3321 videmus:
614 3269 662 3321 ant
677 3270 757 3322 uerte
783 3267 978 3339 perdintnrua,
1004 3247 1116 3341 perma-

272 3437 295 3470 ’θ
308 3440 374 3488 nullu
394 3439 524 3488 usserman·
542 3440 643 3500 notura]
675 3439 776 3488 Haerere
791 3441 813 3488 in
834 3442 876 3488 boe
887 3442 929 3490 viri
940 3441 1009 3498 doeb',
1019 3442 1078 3499 lassi,
1088 3457 1117 3492 n

242 3509 286 3541 nou
294 3497 426 3555 intelligere,
439 3507 505 3560 atque
515 3499 565 3545 inde
577 3501 604 3545 ad
624 3501 763 3555 coniecturas
778 3501 902 3558 coningere.
935 3503 985 3560 Ego
1003 3501 1115 3562 intelligo,

242 3567 288 3599 non
297 3557 337 3599 tali
353 3565 440 3611 natura,
450 3567 474 3604 ut
485 3573 499 3602 o
516 3575 554 3603 era
564 3559 607 3604 olio
619 3561 717 3620 partibus
727 3565 779 3620 apte
786 3562 876 3608 structis
883 3565 907 3612 ei
917 3561 1114 3621 nexiqesabrolre

241 3611 449 3663 tionemhabeutia.
462 3631 483 3663 v.
495 3575 874 3682 Etavdnsubusrernpetetesqq.
1095 3629 1098 3633 “

1087 3847 1129 3876 ¹⁸.
