2538 4188
245 332 314 392 ,400
499 323 544 374 DE
559 323 583 372 N
587 323 699 374 ATURA
717 319 861 384 duonum

248 490 368 547 corpore
382 472 574 545 aequabiliter
583 473 661 532 lusus
675 477 730 540 est,
743 477 774 530 ut
785 490 887 530 omnes
898 471 983 541 ictus,
1006 489 1123 534 omnes·

249 589 304 649 que
318 571 425 630 nimios
445 577 475 630 et
498 571 620 647 trigoris,
643 578 674 629 et
697 571 802 630 caloris
826 574 962 645 appulsus
983 571 1123 632 “sentire

249 689 407 744 possemus.
450 673 558 745 Atque,
573 676 604 727 ut
615 671 645 728 in
659 671 802 728 aedificiis
816 671 972 730 architecti
985 678 1125 731 avertunt

250 772 288 826 ub
301 770 403 836 oculis,
417 776 447 826 et
461 769 578 826 naribus
596 769 777 826 dominorum
801 787 846 838 ea,
861 787 936 844 quae
950 773 1123 844 profluentia

250 869 417 929 necessario
430 867 515 926 taetri
529 874 629 924 essent
648 868 757 940 aliquid
780 869 931 926 habiturn:
952 870 997 926 sic
1023 876 1123 928 natura

176 1031 184 1041 ³
202 972 241 1032 57
253 985 298 1024 res
312 967 423 1025 similes
448 968 546 1040 procul
561 967 762 1024 emendavita
776 966 921 1048 sensibus.
964 968 1037 1040 Quis
1047 985 1122 1034 vvem

251 1067 361 1140 opilea,
376 1071 489 1139 praeter
503 1072 642 1130 naturam,
657 1082 713 1140 qua
735 1065 807 1148 nihil
833 1070 930 1138 potest
954 1085 1020 1123 esse
1043 1067 1124 1124 calli·

251 1165 324 1232 dius,
340 1170 450 1222 tantam
464 1164 624 1221 sollertiam
634 1164 765 1238 persequi
774 1164 915 1236 potuisset
925 1163 956 1222 in
970 1162 1124 1223 sensibus?

252 1280 325 1339 quae
339 1263 460 1336 primum
474 1264 576 1320 oculos
590 1261 765 1322 membranis
790 1262 967 1320 tenuissimis
991 1263 1124 1332 vestivit,

251 1367 282 1418 et
295 1362 404 1434 sepsit:
424 1378 495 1434 quas
510 1361 647 1432 primum
660 1359 827 1431 perlucidas
851 1361 930 1428 lecit,
950 1366 982 1417 ut
998 1379 1049 1434 per
1070 1380 1123 1419 eas

252 1461 336 1520 cerni
355 1466 474 1533 possets
496 1460 590 1515 lirnrus
605 1461 711 1524 autem,
736 1461 769 1514 ut
792 1459 1018 1516 continerentur.
1061 1461 1127 1519 Set}

254 1560 380 1620 lubricos
403 1560 503 1616 oculos
528 1557 608 1624 lecit,
630 1561 661 1614 ct
685 1556 817 1645 mobiles,
831 1563 863 1614 ut
877 1564 908 1614 et
931 1557 1124 1628 declinarent,

254 1660 349 1736 siquid
364 1664 497 1718 noceret:
519 1662 548 1714 et
562 1659 741 1730 adspectum,
752 1673 809 1732 quo
821 1659 941 1725 vellent,
955 1657 1042 1715 facile
1055 1675 1125 1716 con·

254 1764 412 1820 verterent.
427 1757 562 1832 aciesque
586 1755 658 1830 ipss,
672 1774 728 1831 qua
751 1755 906 1822 cernimus,
931 1775 1004 1830 quae
1018 1759 1125 1830 pupula

256 1865 387 1925 vocatur,
410 1859 452 1916 ils
474 1873 564 1930 parva
578 1862 632 1923 est,
659 1860 690 1912 ut
713 1871 846 1928 eaquae
869 1871 976 1912 nocere
1004 1856 1124 1926 possint,

256 1959 343 2014 tacite
367 1957 458 2014 vitet:
480 1956 700 2029 palpebraeque,
720 1959 876 2029 quaesunt
896 1960 1045 2027 tegmenta
1058 1971 1125 2012 ocu·

186 2089 188 2092 >
255 2058 357 2123 lorum,
376 2054 598 2112 ⁶5mollissimae
613 2057 701 2120 tactu,
716 2071 753 2110 ne
777 2053 925 2108 laederent
946 2052 1052 2119 aciem,
1078 2071 1126 2126 ap·
1161 2079 1165 2083 ·
1258 2051 1259 2076 ¹

256 2155 367 2214 tissime
380 2154 474 2214 laetae
485 2159 515 2208 et
526 2154 562 2209 ad
573 2153 749 2210 claudendas
767 2152 896 2222 pupulas,
918 2167 955 2206 ne
969 2150 1038 2224 quid
1054 2151 1127 2210 iuci-

256 2258 346 2320 rlerel‚
361 2259 390 2310 et
405 2254 441 2308 ad
455 2253 645 2325 aperiendas:
666 2251 752 2325 idque
767 2248 903 2323 providit,
918 2255 949 2306 ut
964 2249 1127 2310 identidem

256 2354 318 2410 beri
353 2358 449 2426 posset
475 2369 542 2410 cunr
577 2351 707 2408 maxima
733 2348 890 2407 celeritate.
934 2348 1125 2424 Munilaeque

257 2459 324 2511 sunt
344 2455 499 2527 palpebrae
525 2458 669 2524 tamquam
695 2451 775 2506 vallo
798 2449 942 2522 pilorum:
964 2449 1074 2524 quibus,
1095 2451 1151 2538 el·

256 2554 363 2626 apertis
390 2552 491 2618 oculis,
517 2549 575 2605 ⁶⁶si
597 2549 667 2622 quid
691 2549 844 2616 incideret,
868 2551 1074 2622 repelleretnr;
1096 2551 1128 2604 et

256 2671 358 2709 somno
371 2648 608 2713 conniventibus,
621 2663 688 2702 curn
709 2646 802 2704 oculis
816 2647 852 2704 ad
866 2648 1044 2704 cernendum
1066 2664 1125 2704 non

256 2767 414 2825 egeremus,
433 2746 495 2803 ⁰⁷ut
513 2747 577 2820 qui,
604 2749 750 2819 tamquam
776 2745 910 2812 involuti,
933 2746 1125 2820 quiescerent.

284 2903 306 2936 ⁶⁴
316 2903 396 2949 sentire
404 2901 520 2961 possimus]
541 2899 592 2960 quia
603 2899 686 2960 pendet
704 2899 801 2956 usurus
819 2904 856 2954 ert,
872 2899 990 2957 legendnm
1007 2905 1041 2946 est
1057 2913 1126 2955 porse-

254 2977 310 3009 mrrs.
322 2963 353 3007 sic
364 2977 441 3021 snpra:
458 2975 491 3006 eos
506 2965 583 3006 erector
600 2959 719 3013 merlitoil,
735 2964 761 3004 nt
779 2959 871 3005 deornm
888 2959 1034 3016 cognitionem
1050 2973 1126 3017 cupere

252 3027 343 3080 possent.
360 3021 464 3066 similiter
474 3025 588 3079 peccatum
598 3025 632 3063 est
642 3017 699 3063 intra
708 3033 727 3062 e.
738 3020 777 3064 6⁰,
838 3049 843 3062 .
1047 3031 1050 3037 ·

283 3101 306 3133 ⁶⁵
320 3101 460 3148 molliebant
473 3102 533 3144 tortu
544 3123 567 3131 ··
577 3095 783 3156 aptissimesnclue]
815 3095 838 3142 Si
849 3106 903 3142 vera
913 3102 946 3142 est
958 3095 1034 3150 lectio,
1043 3095 1128 3156 pendet

254 3175 268 3206 a
282 3161 406 3216 polpebroe.
426 3159 464 3202 sed
484 3156 558 3214 aptius
568 3157 692 3200 reseruntur
703 3156 756 3200 lrnec
766 3155 794 3200 ad
805 3155 898 3202 vicinius
918 3159 1051 3214 tegumenta,
1066 3155 1127 3202 unde

254 3221 371 3278 legendum
382 3217 451 3263 visum
461 3215 589 3260 mollissimo
599 3219 622 3259 et
629 3214 695 3271 foetu
707 3213 805 3260 Davisio.

282 3298 305 3329 ⁶⁵
319 3296 403 3354 siquid
411 3295 526 3344 incideret,
542 3293 692 3353 repelleretur]
711 3291 786 3338 malim
804 3291 958 3348 depelleretur,
978 3292 1033 3338 item
1050 3306 1127 3339 monn

245 3357 326 3410 fronte
335 3356 466 3414 dqltnentem
475 3353 587 3408 depellunt
601 3365 642 3413 pro
657 3352 775 3409 repellunt.
792 3365 844 3396 nam
862 3353 894 3396 ita
904 3352 984 3400 Cicero
993 3359 1017 3396 et
1036 3351 1091 3396 alibi
1102 3357 1127 3398 et

253 3421 287 3459 est
306 3415 385 3474 aptius.
399 3430 419 3458 v.
431 3413 453 3458 in
469 3415 511 3458 fine
527 3412 621 3474 capitis:
636 3411 751 3458 humorem
770 3410 800 3456 ud
814 3413 930 3468 pulverem
944 3411 1060 3470 multoque
1078 3409 1127 3456 atio

253 3473 380 3527 depellenda
391 3487 437 3518 noer
451 3472 563 3518 tantilem.

281 3547 305 3580 ⁶⁷
316 3549 400 3607 utqui]
418 3551 459 3592 lroe
476 3563 562 3608 semper
580 3549 683 3594 vitiorum
703 3549 780 3610 putavi
799 3549 968 3607 delendumque.
989 3561 1030 3592 nec
1048 3550 1127 3593 mursa

251 3603 353 3662 displicet
366 3605 451 3651 Davisii
460 3607 587 3663 conjecturs
597 3611 624 3653 rut
633 3609 738 3667 delentis,
748 3613 772 3654 et
781 3622 823 3669 pro
831 3607 871 3668 qui
881 3605 1006 3665 reponentis
1015 3605 1041 3652 dt
1050 3605 1087 3652 vel
1097 3605 1125 3652 ii.
