2548 4208
228 324 297 390 Μ
480 311 616 370 πεσυι
635 315 880 372 wimondi!

227 469 432 534 oblectatione
451 471 610 541 solenim
642 467 721 545 “qni
747 475 794 527 cat
820 487 895 528 uuus
918 467 1112 532 suavissimo

230 583 332 650 pastos
345 573 506 629 animorum
520 591 528 626 ι
549 569 668 626 ulterius
682 569 713 626 in
726 571 831 638 caede,
854 578 884 627 et
905 571 1028 645 injuriis,
1041 587 1111 631 eom

231 679 263 733 et
287 675 401 740 diurno,
420 679 450 730 et
479 677 623 729 nocturno
646 676 735 728 meto.
777 673 855 746 Age,
878 671 980 728 conler
1000 673 1111 730 Demo*

231 774 347 838 erilem,
362 773 569 847 Pythagoram,
585 772 805 846 Anaxagoram.
829 787 904 845 quae
918 789 1017 846 regom
1037 785 1109 846 quan

230 889 303 948 opes
330 872 434 930 studiis
453 889 562 936 eorum,
590 875 620 928 et
647 870 894 928 delectationibus
919 865 1109 943 anteponesl

229 971 352 1034 Etenim
366 991 440 1048 quoe
455 990 520 1046 pars
533 971 645 1044 optime
660 979 705 1028 est
719 971 750 1028 iu
772 969 901 1037 homine,
913 970 945 1026 in
965 987 1002 1024 ee
1020 969 1109 1025 situm

230 1091 296 1132 esse
310 1089 432 1130 necesse
446 1078 491 1128 est
505 1071 587 1138 illud,
601 1071 677 1144 quod
699 1070 823 1144 qnaeris,
835 1069 988 1142 optimum.
1030 1067 1108 1140 Quid

230 1179 277 1232 est
290 1173 430 1230 antemio
445 1171 565 1228 homine
588 1167 688 1244 sagaci
713 1185 749 1225 ac
764 1170 840 1224 bona
866 1173 964 1224 mente
978 1162 1108 1226 melius!

231 1273 294 1348 ejus
318 1275 396 1329 bono
416 1271 567 1328 fruendum
581 1273 626 1326 est
640 1269 737 1342 igitur,
751 1269 777 1325 si
792 1266 871 1324 beati
885 1285 949 1324 esse
965 1269 1108 1324 volumus.

229 1371 340 1431 bouum
358 1377 454 1428 autem
466 1369 581 1438 mentis,
595 1375 640 1426 est
656 1368 757 1425 virtus.
772 1385 842 1442 ergo
863 1368 918 1423 hac
934 1368 1049 1422 beatam
1065 1364 1109 1423 vi·

230 1475 292 1530 tam
306 1471 452 1529 contineri
464 1487 588 1527 necesse
601 1473 655 1526 eat.
697 1468 777 1526 ilinc
791 1467 899 1535 omnin,
909 1483 983 1541 quae
996 1467 1108 1538 pulcra,

230 1569 363 1638 honesta,
374 1573 523 1644 praeclara
536 1577 613 1638 sunt,
626 1577 658 1626 ut
671 1585 757 1642 supra
770 1567 834 1625 dixi
849 1589 856 1623 :
877 1567 929 1624 sed
950 1565 1108 1623 dicendum

229 1671 309 1731 idem
332 1671 405 1729 illud
420 1673 518 1745 paullo
537 1671 653 1728 uberius
668 1669 805 1726 videtur:
825 1669 914 1741 plena
938 1665 1108 1741 gaudiorum

230 1777 307 1830 snut.
350 1771 398 1828 Ex
419 1771 566 1844 perpetuis
593 1777 701 1837 nutem,
724 1769 875 1842 pinnisque
903 1765 1016 1840 gaudiis
1040 1773 1108 1820 com

230 1869 414 1945 perspicuum
438 1867 477 1925 sit
491 1867 583 1925 vitam
604 1871 720 1926 bentom
743 1868 898 1935 exsistere,
922 1863 1060 1941 sequitur,
1074 1863 1107 1921 ul

230 1985 268 2028 en
286 1967 411 2025 exsistat
432 1984 470 2024 ex
484 1967 648 2024 honestate.

176 2069 220 2136 24
271 2067 341 2134 Sed,
356 2084 394 2124 ne
405 2065 502 2123 verbis
517 2068 609 2125 solum
630 2067 808 2142 attingamus
823 2083 869 2134 en,
883 2083 957 2142 quae
972 2064 1106 2122 volumus

228 2165 394 2232 ostendere,
408 2167 595 2239 proponenda
608 2169 751 2242 quaedam
765 2166 848 2243 quasi
865 2163 1107 2230 proventionum,

229 2283 304 2342 quoe
329 2282 383 2322 nos
411 2265 503 2339 magis
529 2266 567 2323 od
593 2267 794 2340 cognitionem
821 2264 1108 2338 intelligentiamque

229 2370 415 2424 convertunt.
458 2367 595 2424 Sumatur
610 2365 689 2424 enim
715 2367 799 2424 nobis
813 2365 931 2442 quidm
957 2366 1108 2436 praestans

228 2461 277 2521 vir
290 2463 407 2537 optimis
422 2464 541 2533 ortibus,
565 2466 647 2539 isque
668 2465 768 2523 animo
783 2481 939 2539 panamper
954 2469 986 2520 et
998 2461 1108 2535 cogite

229 2561 310 2622 tione
331 2563 464 2638 tingatur.
506 2563 636 2622 Primum
649 2563 770 2639 iugenio
783 2564 896 2622 eximio
910 2563 958 2630 sit,
983 2575 1106 2619 necesse

228 2668 292 2722 est:
313 2661 430 2720 ⁸'taulis
449 2662 530 2720 euim
556 2663 702 2721 mentibus
718 2663 810 2722 virtus
831 2681 892 2722 nou
916 2662 1003 2719 tuelle
1016 2657 1107 2718 comi·

229 2767 307 2824 tatur
320 2783 328 2819 t
347 2762 455 2822 deinde
468 2763 507 2820 ad
520 2763 757 2838 investigandam
782 2763 939 2824 veritatem
952 2759 1049 2818 studio
1063 2759 1106 2816 in·

228 2862 329 2922 citato.
371 2861 419 2920 Ex
443 2879 501 2938 quo
523 2863 631 2938 triplex
654 2863 706 2922 ille
730 2863 821 2922 animi
842 2863 935 2920 loetus
961 2859 1107 2917 exsistet:

229 2972 303 3022 uuus
316 2960 347 3020 in
361 2962 531 3038 cognitione
555 2981 650 3022 rerum
665 2963 785 3037 positus,
799 2967 830 3021 et
854 2963 886 3020 in
905 2956 1106 3034 explicatione

228 3066 370 3121 naturae:
391 3064 464 3119 alter
477 3062 509 3119 iu
523 3062 722 3135 descriptione
736 3063 969 3137 expetendarum
991 3056 1104 3131 lugien-

227 3161 370 3220 durumve
383 3178 477 3220 rerum
492 3180 499 3218 ε
520 3161 622 3219 tertius
636 3158 848 3236 injudicando,
862 3161 930 3237 quid
941 3157 1046 3232 cuique
1061 3151 1105 3212 rei

226 3260 269 3325 stt
281 3276 473 3336 consequens,
487 3259 555 3337 quid
576 3277 756 3338 repugnans:
778 3261 811 3321 iu
835 3279 893 3338 quo
915 3258 993 3320 inest
1006 3252 1105 3314 omnis

258 3411 282 3450 ⁸⁷
296 3414 337 3476 poi
345 3417 453 3479 educes]
469 3415 547 3464 addidi
557 3416 665 3468 catellis.
681 3415 788 3466 Gueliet
797 3417 849 3466 edd.
861 3419 921 3464 vett.

259 3491 281 3526 ¹⁸
295 3493 366 3541 turdis
375 3496 485 3545 molitos
493 3497 565 3546 virtus
575 3512 599 3545 a.
609 3498 635 3554 f.
647 3497 783 3557 emittetur-l
815 3497 943 3544 comitetur
952 3508 1002 3543 eum
1021 3489 1105 3540 dativa

227 3551 405 3662 zitwar&
421 3557 444 3609 iu
459 3557 598 3612 nenton
608 3561 646 3615 tt.
676 3559 724 3614 sed
738 3557 789 3617 ldt.
799 3556 875 3612 lindi,
886 3556 972 3613 etsdd.
983 3556 1040 3606 vete
1055 3551 1105 3600 tere
