2552 4208
439 325 539 384 LIBER
555 325 719 388 avantot.
793 351 796 360 ¹
966 331 1029 398 179

156 476 312 554 obtineret,
335 481 486 544 hominem
508 469 592 556 trugi'
607 481 708 540 omnia
726 482 806 540 recta
827 479 934 540 iacere.
953 481 1031 556 qnod

156 583 235 644 idem
247 603 316 644 cum
337 583 433 642 Stoici
446 582 484 639 de
497 581 631 655 sapiente
644 580 756 649 dicum,
769 579 856 638 nimis
877 578 1031 639 admirabi-

154 685 233 754 liter,
252 683 398 757 nimiaque
422 681 578 754 magnifice
602 680 701 738 dicere
716 679 863 738 videntur.
903 680 983 755 Ergo
995 679 1030 748 is,
1044 665 1082 732 17

155 783 285 861 quisquis
307 779 423 857 estqui
447 779 657 847 moderatione,
671 784 702 837 et
724 777 893 838 constantia
915 780 1030 854 quietus

157 883 258 942 animo
269 886 322 949 eat,
333 879 445 956 sibique
459 880 523 954 ipse
546 881 687 953 pinnatus,
700 883 733 937 ut
756 895 813 936 nec
827 879 958 936 tabescat
972 893 1032 935 mo·

156 981 261 1048 iastiis,
272 996 328 1038 nec
348 981 496 1055 frangatur
510 978 623 1048 timore,
637 995 694 1037 nec
708 977 842 1036 sitienter
854 976 922 1051 quid
944 994 1033 1050 expe·

159 1082 226 1138 tens
248 1081 347 1137 ardeat
361 1079 526 1146 desideria·
540 1095 598 1137 nec
622 1077 776 1136 alacritate
800 1075 879 1134 sutili
903 1075 1032 1150 gestiens

158 1177 349 1252 deliquerent,
368 1177 394 1234 is
414 1183 459 1236 est
485 1177 614 1250 sapiens,
634 1193 721 1251 quem
748 1173 960 1251 quaerimonia
987 1177 1034 1234 est

157 1279 275 1338 beatus:
297 1275 347 1334 cui
360 1275 434 1332 nihii
455 1277 645 1334 humanarum
659 1292 754 1332 rerum
775 1281 825 1333 eut
845 1275 1032 1334 intuterahiie

129 1409 138 1418 --
157 1380 195 1437 ad
209 1377 423 1436 demittendum
436 1373 575 1442 animum,
589 1381 639 1432 unt
659 1374 746 1432 nimis
762 1374 899 1434 laetabile
913 1377 950 1433 ad
965 1375 1039 1434 effe.

158 1478 282 1534 rendum
296 1474 393 1532 videri
407 1478 512 1546 potest.
526 1474 595 1548 quid
610 1473 690 1532 anim
704 1475 839 1532 videatur
851 1476 881 1533 ei
895 1493 1033 1549 maguum

159 1573 192 1633 in
219 1576 303 1632 rebus
331 1573 474 1638 humenis,
499 1573 731 1637 caimeternites
758 1574 862 1640 omnis,
887 1575 1032 1649 totiusque

159 1672 262 1734 mnndi
286 1679 355 1730 nota
368 1672 407 1730 sit
428 1667 619 1745 magnitudo?
640 1671 790 1744 namquid
811 1678 860 1730 aut
885 1672 916 1730 in
930 1672 1032 1732 studiis

161 1771 306 1840 humanis,
320 1775 370 1830 ant
383 1771 414 1829 iu
429 1776 489 1832 tam
504 1771 611 1845 exigua
625 1769 770 1827 brevitate
792 1770 872 1829 vitae
896 1789 1034 1848 magnum

157 1873 284 1946 sapienti
301 1871 395 1929 videri
416 1876 521 1946 potest,
535 1869 584 1944 qui
598 1887 714 1944 semper
726 1869 824 1928 animo
837 1872 881 1928 sic
895 1877 1033 1946 excubae

158 1975 191 2030 ut
205 1972 232 2029 ei
248 1971 321 2029 nihii
336 1971 526 2046 improvisum
540 1971 676 2029 accidere
698 1970 797 2045 possit,
812 1971 886 2030 nihii
900 1973 1032 2048 inopina·

157 2075 229 2137 tum,
254 2073 327 2130 nihii
341 2071 463 2130 omnino
477 2067 611 2129 novum?
654 2073 752 2146 Atque
774 2072 852 2130 idem
868 2071 909 2130 ita
933 2091 1032 2132 aerem

157 2169 191 2228 in
211 2189 312 2228 omnes
332 2179 429 2244 partes
454 2171 549 2228 aciem
577 2170 714 2237 intendit,
736 2177 767 2228 ut
795 2189 910 2244 semper
931 2174 1033 2232 videat

158 2271 259 2328 aedem
284 2269 340 2328 sihi
354 2287 390 2326 ac
414 2272 511 2328 locum
525 2270 589 2326 sine
604 2269 739 2326 molestia
763 2276 849 2346 atque
864 2289 973 2346 angore
990 2273 1032 2332 vi-

159 2367 260 2433 vendi,
273 2373 305 2424 ut
319 2385 529 2442 quemcumque
540 2384 639 2424 casum
654 2368 765 2426 fortuna
782 2369 940 2439 invexerit,
954 2373 1032 2430 huuc

160 2471 233 2538 apte.
244 2471 274 2522 et
296 2466 393 2537 quiete
406 2467 490 2520 ierat.
512 2466 588 2539 quod
602 2466 649 2539 qui
665 2465 763 2532 faciet,
777 2484 836 2524 nou
850 2472 1033 2544 aegritudine

161 2567 254 2622 sctum
277 2563 406 2631 vacabit,
427 2565 480 2620 sed
508 2563 598 2621 etiarn
627 2565 887 2636 perturbationibus
915 2571 1034 2645 reliquis

162 2663 305 2722 omnibus.
328 2661 373 2718 his
395 2666 491 2719 autem
513 2679 623 2720 vacuus
649 2663 773 2730 animus,
797 2665 925 2736 perfecte
946 2675 1033 2744 atque

160 2763 294 2821 absolute
323 2763 423 2817 beatos
447 2761 554 2818 efficit:
576 2761 710 2834 idemque
737 2762 911 2831 concitatus,
932 2771 961 2822 et
985 2769 1033 2824 atr·

161 2865 285 2919 stractus
299 2863 336 2917 ab
350 2861 464 2933 integra
477 2863 614 2932 certaque
628 2859 750 2926 ratione,
766 2879 823 2919 nou
838 2865 1034 2924 constantiam

162 2959 389 3025 commeminit,
407 2975 505 3016 verum
526 2957 615 3014 etiam
630 2957 795 3018 sanitatem.

204 3058 350 3142 Quocirca
371 3058 466 3116 moitis
480 3064 510 3114 et
525 3064 664 3115 enervata
679 3061 808 3132 protende
821 3065 865 3120 est
887 3063 1034 3140 Peripate·

162 3157 286 3215 ticorum
307 3157 380 3215 ratic
394 3167 423 3214 et
437 3158 539 3226 oratio,
554 3157 601 3232 qui
615 3159 771 3231 perturbari
786 3162 898 3221 animos
914 3181 1035 3226 neeesse

162 3276 227 3316 esse
256 3259 368 3327 dicunt,
387 3259 440 3316 sed
465 3260 603 3317 adhibent
631 3248 757 3320 modum¹
771 3266 926 3338 quendam,
949 3283 1036 3342 quern

162 3359 238 3416 ultra
267 3358 398 3432 progredi
421 3375 478 3416 non
509 3363 650 3432 oporteat.
702 3359 823 3418 Modum
855 3368 885 3420 tu
913 3363 1035 3425 adhibes

164 3454 264 3514 vitio?
284 3474 322 3514 au
339 3457 440 3514 vitium
457 3461 565 3514 nntium
586 3465 638 3524 est,
653 3477 711 3516 non
729 3477 829 3532 parere
844 3463 948 3522 rationi
965 3462 976 3524 i
996 3485 1036 3527 an

160 3554 238 3615 ratio
253 3572 352 3630 parum
366 3555 518 3632 praecipit,
532 3575 588 3616 nec
603 3559 711 3618 bouum
725 3559 796 3619 iliud
811 3579 885 3635 esse,
899 3567 974 3641 quod
985 3572 1037 3628 ant
