2558 4198
500 357 599 408 malt
614 355 746 408 llllnssla
993 365 1057 430 310

188 511 270 571 enim
290 509 393 569 horum
417 507 557 592 attigeris,
580 511 662 566 ulcus
684 512 738 566 est.
764 508 807 568 ita
828 509 905 569 male
924 508 1059 570 instituta

186 612 264 672 ratio
277 610 389 668 exitum
403 608 529 682 reperire
542 625 602 668 non
619 613 723 683 potest.
765 610 816 668 Sic
832 611 912 670 enim
929 610 1058 679 dicebas,

188 711 318 786 speeiem
331 709 381 766 dei
394 707 506 783 percipi
522 709 711 786 cogitatione,
724 727 783 770 uon
797 727 903 769 sensu:
923 727 980 768 nse
993 725 1059 768 sue

189 811 223 869 in
244 827 281 867 ea
302 811 394 873 ullam
415 809 602 880 soliditatem,
615 827 710 888 neque
734 811 859 881 eandem
878 807 946 868 ¹’ad
959 823 1060 867 nnme-

188 925 253 969 rum
281 925 458 982 permanere,
477 906 629 987 ³'eamque
655 927 720 970 esse
753 910 818 985 ejus
840 909 995 976 visionem,
1027 912 1060 966 ut

188 1006 379 1068 similitudine
397 1007 417 1042 ³¹
429 1014 461 1068 et
480 1010 654 1069 transitione
675 1015 820 1078 cernatur,
833 1027 928 1084 neque
941 1007 1060 1066 sleidst

189 1125 324 1184 nmquam
344 1127 382 1167 ex
406 1108 528 1168 infinitis
550 1111 719 1185 corporibus
741 1105 879 1168 similium
906 1108 1058 1178 accessio:

190 1225 228 1268 ex
240 1227 331 1284 eoque
340 1207 412 1276 lieri,
425 1209 495 1267 utin
510 1211 584 1268 haec
596 1211 712 1268 intenta
726 1225 808 1268 mens
822 1213 929 1278 nostra,
943 1209 1059 1268 beatem

189 1307 422 1374 illumnalnram‚
435 1313 465 1365 ct
480 1309 685 1382 sempiternam
694 1314 786 1384 putet.
828 1309 904 1374 lloc,
917 1325 969 1383 per
981 1306 1059 1382 ipsos
1069 1310 1111 1372 30

188 1409 269 1477 deos,
282 1409 320 1466 de
334 1407 437 1484 quibus
451 1407 610 1484 loquimur!
631 1411 715 1484 quale
733 1411 851 1468 tandem
864 1406 933 1468 est?
952 1407 1060 1466 namsi

189 1507 390 1566 tantummodo
413 1507 450 1563 ad
474 1507 683 1580 cogitationem
707 1511 818 1576 valent,
831 1525 888 1566 nec
901 1509 991 1566 ullam
1011 1508 1061 1564 hn-

188 1607 261 1664 berit
291 1605 469 1663 soliditatem
499 1621 556 1664 nec
583 1605 794 1670 eminentiam:
827 1606 897 1681 quid
930 1606 1061 1675 interest,

188 1711 285 1764 utrum
297 1705 335 1762 de
349 1704 589 1779 hippocentauro,
603 1720 640 1762 an
661 1705 698 1763 de
721 1705 777 1763 deo
799 1702 984 1780 cogitemus?
1001 1721 1062 1764 om·
1126 1747 1133 1756 .

189 1819 258 1864 nam
283 1804 362 1862 enim
385 1805 475 1863 talem
487 1804 746 1862 conformationem
760 1805 851 1864 animi
864 1805 954 1862 ceteri
970 1804 1061 1878 philo·

188 1905 273 1978 sophi
288 1909 397 1962 motum
411 1903 530 1962 inanem
546 1909 678 1962 vocant:
699 1921 752 1962 vos
776 1911 873 1963 antem
901 1889 1061 1964 adventum

188 2003 221 2062 in
235 2005 358 2071 animos,
373 2009 404 2061 et
418 2003 569 2061 introitum
585 2002 743 2079 imaginum
757 2003 865 2062 dicitis.
906 2005 949 2062 Ut
963 2005 1061 2078 igitur,

187 2100 273 2162 an‘'I'l.
288 2103 458 2163 Gracchum
471 2119 539 2162 eum
554 2103 657 2161 videor
669 2104 896 2162 concionantem
917 2103 949 2162 in
973 2103 1061 2178 Gepi-

187 2205 260 2262 tolio
286 2203 397 2270 videre,
421 2205 459 2261 de
481 2203 524 2260 M.
550 2203 678 2260 Octavio
710 2205 890 2262 deserentem
923 2203 1060 2273 sitellam,

189 2309 251 2362 tum
266 2319 331 2360 enm
349 2307 458 2358 motum
483 2299 573 2357 antini
587 2301 655 2358 (lico
668 2319 733 2358 esse
756 2302 875 2360 inanem
890 2322 897 2358 :
918 2307 949 2360 tn
962 2309 1060 2360 antem

189 2407 221 2460 et
248 2396 388 2466 Gracchi,
421 2405 452 2456 et
482 2399 602 2456 Octavii
623 2398 765 2474 imagines
794 2417 952 2468 remanere,
977 2419 1061 2475 quae,

188 2499 250 2559 a“in
275 2498 454 2573 Capitolium
480 2515 548 2555 cum
575 2496 768 2570 pervenerim,
788 2504 850 2555 tum
874 2499 910 2556 ad
932 2498 1061 2558 animum

189 2617 286 2661 meum
299 2600 476 2657 referanturt
497 2595 553 2654 hoc
567 2597 645 2654 idern
660 2597 722 2654 fieri
741 2597 772 2654 in
786 2598 851 2666 deo,
865 2597 946 2670 cujus
960 2599 1062 2656 crebra

189 2701 266 2759 lacie
299 2699 445 2774 pellantur
472 2695 582 2768 animi3
603 2715 642 2754 ex
669 2713 726 2772 quo
744 2693 840 2756 ³'esse
869 2697 948 2754 beati
974 2701 1061 2772 atque

61 2795 72 2820 '
190 2797 305 2860 aeterni
338 2795 549 2872 intelligantur.
590 2795 654 2853 Fac
688 2795 830 2870 imagines
858 2813 932 2864 esse,
959 2797 1063 2872 quitus

218 2975 242 3010 Ω
255 2973 286 3021 cul
294 2987 416 3022 nomnen
422 2969 561 3032 portuumve]
578 2969 592 3016 i.
609 2983 630 3016 ο.
642 2969 670 3016 ad
681 2973 766 3016 certum
786 2985 893 3018 annornm
912 2973 1007 3034 tempus,
1022 2971 1063 3035 qui

188 3033 300 3084 numerari
308 3032 399 3095 possint.
430 3029 470 3078 Gr.
485 3035 539 3082 κατ’
555 3030 653 3102 egmnus
667 3045 702 3092 ap.
716 3029 781 3089 Dior.
794 3029 821 3078 L.
831 3029 860 3086 X,
874 3034 921 3078 139.

218 3115 344 3222 xeniaque
359 3129 402 3163 erre
420 3115 469 3175 einr
486 3115 601 3178 visionem]
626 3114 642 3162 i.
662 3128 682 3160 s.
703 3113 826 3172 notionem,
847 3107 921 3162 fflsam
939 3113 962 3162 in
981 3113 1062 3162 animis

188 3191 195 3224 Ι
218 3189 421 3312 fflrzlmmtiom,
432 3253 487 3316 ste]
504 3267 526 3302 r.
538 3253 615 3302 clevi·
626 3251 648 3301 in
658 3253 681 3300 h.
692 3267 715 3299 v.

217 3333 242 3370 ³²
257 3333 295 3382 lt.
307 3334 442 3396 Gracchum]
459 3333 574 3380 historiam
585 3333 629 3380 vid.
638 3348 675 3394 ap.
693 3331 806 3380 Plutarch.
818 3330 840 3378 in
850 3331 957 3380 Gracchis
964 3347 986 3394 p.
998 3334 1049 3384 829.

190 3411 281 3518 ww
291 3412 345 3471 Cup.
358 3427 409 3460 mm
417 3412 577 3474 mmmm]
608 3411 737 3471 &gendum
746 3411 892 3469 pervenerim,
903 3415 926 3459 et
943 3427 994 3460 mox
1003 3415 1061 3476 dms
1130 3417 1134 3425 ‘

218 3549 241 3582 ³⁴
256 3563 297 3594 ease
307 3549 379 3596 bruti·
389 3577 398 3586 -
408 3507 577 3612 intelliguntur]
594 3549 689 3596 retertur
706 3550 735 3600 sd
750 3549 796 3604 deu,
804 3549 864 3596 unde
874 3549 977 3602 videatur
986 3553 1061 3615 leges·

190 3606 243 3655 ‹lnm
252 3607 332 3657 lectna
344 3609 383 3658 ssd
393 3609 555 3670 asingulariarl
565 3609 677 3672 pluralem
687 3610 761 3672 lapsus
770 3614 813 3669 ast,
823 3615 848 3658 nt
858 3609 920 3660 alibi.
