2558 4198
250 307 317 370 {tto
515 265 877 358 onasuunsonoaun

252 450 400 525 sapienter
412 449 443 509 id
456 451 582 526 quidem.
596 452 652 512 etsi
667 453 724 512 hoe
746 456 814 512 loeo
835 471 896 513 non
909 456 1046 528 populum
1067 475 1130 518 ms·

251 551 319 616 tuis,
334 551 386 608 sed
400 551 477 625 ipsos
487 554 566 611 deos.
582 553 654 611 novi
676 569 732 628 ego
745 553 908 628 Epicureos
917 555 1016 614 omnis
1029 557 1131 633 sigilla

251 637 459 710 numerantes:
480 668 652 728 quamquam
667 653 757 711 video
778 655 927 713 nonnullis
942 655 1044 727 videri,
1058 657 1130 731 Epi·
1162 697 1174 719 .

250 762 361 820 eurum,
390 769 428 809 ne
455 751 486 808 in
513 751 705 811 offensionem
734 753 962 814 Atheniensium
995 757 1126 826 eederet,

245 850 349 909 seruis
362 849 513 924 reliquisse
526 851 607 920 deos,
621 869 652 910 rs
676 851 834 910 sustulisse.
878 855 981 929 ltaque
1008 855 1041 914 in
1065 855 1125 914 illis

244 948 368 1007 seleelis
381 949 444 1020 ejus
460 949 653 1025 brevibusque
677 950 843 1020 sententiis,
869 969 940 1027 quas
968 952 1123 1028 appellatis

248 1071 338 1128 septae
357 1041 442 1119 isia,
464 1048 538 1106 haee
566 1054 598 1108 ut
626 1049 739 1124 opinor,
763 1051 857 1125 prima
880 1053 1030 1112 sententia
1061 1057 1124 1111 est:

252 1149 338 1220 Quod
353 1150 468 1206 beatum
491 1152 522 1206 et
545 1147 708 1206 immortale
732 1153 786 1216 est,
808 1148 839 1206 id
864 1165 921 1208 nee
944 1152 1043 1219 habet,
1068 1167 1125 1210 nee

200 1235 239 1296 31
252 1246 375 1304 exhibet
407 1245 542 1320 cuiquam
572 1246 730 1322 negotium.
772 1247 810 1308 In
837 1248 893 1306 hae
923 1249 966 1306 ita
992 1251 1128 1322 exposita

251 1344 408 1412 sententia,
434 1350 502 1402 sunt
535 1344 585 1420 qui
618 1326 804 1414 existiment,¹
820 1348 898 1421 quod
926 1346 990 1404 ille·
1005 1347 1130 1406 inseitia

250 1447 339 1520 plane
353 1429 491 1520 loquendi
505 1443 617 1513 feeerit,
649 1445 756 1502 lenisse
777 1448 922 1504 eonsnlto.
945 1445 983 1502 de
1004 1445 1128 1506 homine

250 1543 371 1603 minime
393 1544 474 1601 vafro
493 1545 570 1604 male
591 1543 772 1602 existimant.
814 1545 945 1604 Dubium
972 1547 1018 1601 est
1036 1544 1128 1616 enim,

250 1647 344 1702 utrum
357 1645 439 1702 dieat
453 1643 563 1719 aliquid
582 1644 639 1701 iste
653 1645 771 1701 beatum
797 1648 827 1702 et
848 1643 1022 1712 immortale,
1039 1643 1128 1713 amsi

251 1745 328 1818 qnod
348 1743 396 1809 sit,
417 1743 448 1801 id
472 1759 536 1801 esse
562 1742 737 1801 immortale.
778 1743 849 1800 Non
877 1741 1127 1810 animadvertunt,

251 1841 302 1900 hie
313 1860 380 1900 eum
396 1843 530 1918 ambigue
540 1845 668 1900 loentum
681 1859 764 1900 esse:
784 1841 836 1899 sed
850 1843 949 1900 multis
964 1841 1030 1901 aliis
1043 1841 1126 1911 loeis,

252 1939 396 2008 stillum,
420 1947 450 2000 et
476 1941 674 2000 Metrodorum
697 1946 757 1999 tam
781 1946 891 2015 aperte,
916 1949 1002 2016 quam
1029 1941 1128 2015 paullo

251 2043 322 2098 ante
342 2042 380 2096 te.
400 2038 453 2096 ille
481 2057 552 2098 vero
572 2041 643 2098 deos
665 2057 730 2098 esse
751 2044 852 2112 putat:
873 2056 930 2096 neo
955 2053 1128 2112 quemquam

251 2135 325 2204 ridi,
338 2135 388 2210 qui
403 2135 495 2208 magis
517 2151 561 2202 ea,
575 2153 649 2210 quae
664 2135 795 2194 timenda
819 2148 885 2194 esse
900 2141 1030 2212 negaret,
1044 2136 1130 2194 time·

251 2239 305 2303 ret,
317 2238 439 2293 mortem
452 2233 530 2302 dieo,
544 2239 575 2292 et
588 2235 676 2300 deos:
698 2235 800 2311 quibus
815 2235 978 2294 medioeres
989 2233 1127 2293 nomines

251 2350 312 2392 non
336 2333 379 2390 ita
401 2333 490 2391 valde
510 2339 674 2392 moventur.
702 2334 748 2392 hls
768 2334 820 2391 ille
853 2337 972 2403 elamat,
994 2334 1126 2392 omnium

252 2431 416 2492 mortalium
439 2439 552 2491 mentes
577 2451 641 2491 esse
669 2433 843 2506 perterritas.
886 2433 948 2492 uos
973 2432 1066 2492 millia
1086 2435 1127 2492 ls-

251 2532 441 2599 lancinantur,
454 2539 546 2590 mone
560 2533 716 2607 proposita.
759 2532 824 2592 Alii
843 2531 952 2601 omnis,
967 2549 1042 2608 quae
1061 2547 1128 2606 pos·

251 2637 329 2701 sunt,
344 2632 410 2690 tana
424 2631 593 2704 compilant.
635 2632 741 2701 Credo,
755 2638 807 2690 aut
829 2631 896 2691 illos
917 2630 1018 2691 mortis
1039 2631 1128 2692 timor

253 2733 350 2798 terret,
364 2735 414 2789 aut
422 2730 475 2788 hos
485 2729 644 2805 religionis.
1210 2713 1215 2718 ’

293 2831 363 2899 Sed,
383 2829 520 2906 qnoniam
546 2844 605 2888 non
635 2829 724 2887 nudes
758 2825 834 2906 (jam
854 2829 934 2888 enim
961 2844 1031 2886 eum
1061 2827 1129 2903 ipso

252 2927 381 3003 Epicuro
392 2927 506 3005 loquar)
525 2947 642 3002 negare,
657 2947 721 2986 esse
735 2929 805 2986 deos
819 2949 825 2984 :
848 2928 917 3005 quid
931 2933 985 2996 est,
1006 2927 1125 3004 quodie

252 3027 402 3102 impediet,
429 3034 478 3086 aut
502 3031 603 3097 solem,
623 3026 673 3085 aut
693 3030 800 3096 lunam,
825 3035 874 3086 aut
898 3029 1046 3096 mundum,
1073 3030 1125 3086 ant

251 3132 381 3186 mentem
398 3127 524 3200 aliquam
544 3127 750 3206 sempiternam
773 3127 938 3186 iudeorum
959 3133 1062 3183 natura
1075 3143 1124 3200 po·

251 3222 343 3284 nere?
383 3225 549 3301 Numquam
565 3227 635 3294 vidi,
650 3224 753 3303 inquit,
763 3227 891 3286 animam
906 3225 1036 3292 rationis,
1055 3242 1125 3282 oon-

251 3325 367 3400 siliique
382 3323 553 3399 participem
566 3327 598 3385 in
619 3327 770 3396 ulla'alia,
791 3327 846 3384 nisi
867 3327 996 3384 humana
1022 3326 1123 3401 figura.

252 3421 354 3494 Quid?
393 3423 462 3483 solis
494 3426 711 3500 numquidnam,
730 3431 780 3484 aut
803 3427 900 3492 lunae,
920 3430 971 3482 aut
994 3424 1122 3500 quinque

253 3521 410 3584 errantium
427 3523 554 3588 siderum
578 3525 674 3589 simile
689 3522 814 3588 uidisti?
832 3527 878 3588 sol
902 3525 1014 3586 duabus
1036 3521 1123 3585 unius
