2548 4208
723 256 739 284 S

220 336 287 397 244
488 323 623 376 duacen.
641 323 887 380 QUAES'l'lONUM

218 475 365 536 reeordari
379 475 505 544 velitne
519 475 675 550 aliquando
694 473 726 534 in
743 474 881 550 Arpinati
906 477 1005 534 nostro
1025 475 1097 550 geli-

214 579 265 644 ,dis
287 577 450 635 fluminibus
470 575 673 634 circumfusum
696 575 794 633 luisse.
816 574 975 633 nonenim
996 575 1103 654 video·

218 695 277 753 quo
291 679 376 734 modo
389 678 491 734 sedare
506 676 616 750 possint
631 677 707 732 mula
728 673 893 748 praesentia
920 675 1094 748 praeterisse

219 779 395 850 voluptates.
437 777 496 834 Sed
516 793 583 833 curn
612 775 637 832 is
657 774 745 841 dicet,
759 791 874 848 semper
888 775 1004 832 beatum
1030 791 1094 834 esee

218 875 454 949 sapientemcui
480 875 578 934 dicere
607 875 672 942 hoc,
700 873 725 930 si
752 873 807 930 sihi
828 879 963 930 constare
991 874 1094 941 vellet,

217 994 278 1036 non
307 975 427 1034 liceret:
448 976 586 1051 quidnam
608 976 774 1034 laciendum
799 980 844 1032 est
867 975 921 1042 his,
943 977 993 1048 qui
1019 973 1093 1033 nihil

119 1101 123 1111 ·
218 1077 425 1149 expetendum,
435 1076 507 1133 nibil
522 1077 554 1133 in
569 1076 652 1133 bonis
666 1076 840 1142 ducendum,
851 1077 928 1150 quod
939 1076 1093 1134 honestate

216 1181 330 1243 cureat,
341 1176 511 1234 existimant
525 1173 537 1234 l
557 1193 603 1234 me
626 1176 742 1250 quidem
756 1181 884 1244 auctore,
898 1177 988 1233 etiam
1013 1175 1092 1234 Peri-

216 1274 341 1349 patetici
371 1282 542 1349 veteresque
578 1273 752 1332 Academici
782 1276 924 1332 balbutire
955 1274 1094 1332 desinent

215 1374 385 1448 aliquando,
399 1381 554 1448 aperteque
579 1379 609 1430 et
629 1375 709 1431 clara
734 1391 809 1431 voce
832 1375 959 1431 audeant
982 1373 1092 1442 dicere,

218 1475 335 1530 beatam
364 1475 456 1530 vitam
481 1473 512 1530 in
543 1473 707 1530 Phalaridis
738 1479 851 1532 taurum
878 1475 1095 1533 descensuram.

115 1623 118 1628 .
165 1570 205 1631 27
221 1572 287 1630 Sint
314 1573 394 1630 enim
420 1573 474 1630 tria
496 1590 607 1646 genera
635 1573 785 1638 bonorum,
807 1578 837 1630 ut
860 1573 924 1646 jam
949 1571 1093 1645 aloqueis

219 1672 395 1739 Stoicorum,
422 1672 524 1747 quibus
549 1689 631 1729 usum
661 1673 859 1744 meniminus,
889 1689 974 1746 quom
1001 1675 1092 1739 soleo,

162 1803 168 1806 -
218 1751 362 1845 intelligo,
377 1773 562 1828 recedamus:
584 1771 643 1828 siut
662 1787 732 1828 sane
755 1770 805 1828 illa
819 1787 927 1844 genera
943 1771 1092 1839 bonorum,

218 1871 286 1926 dum
306 1871 444 1944 corporis,
458 1875 487 1926 et
502 1876 623 1927 externa
631 1870 754 1942 jaceant
768 1869 857 1937 humi,
871 1874 902 1926 et
920 1875 1091 1928 tantummo-

217 1969 266 2035 do,
284 1967 305 1999 ⁰⁵
318 1969 386 2042 quia
406 1971 546 2025 sumenda
566 1969 634 2037 sint,
655 1968 838 2042 appellemur
851 1971 944 2028 bone:
965 1971 1023 2028 elia
1044 1987 1092 2028 art·

218 2071 279 2124 tem
293 2068 344 2124 ills
361 2067 474 2135 divine,
495 2068 581 2143 longe
596 2071 711 2143 letoque
728 2086 760 2125 sc
776 2071 915 2150 pandant,
932 2067 1091 2128 ”caelum-

218 2163 287 2241 que
301 2167 484 2238 contingent,
503 2165 572 2236 ⁹7ut,
602 2185 638 2225 ea
662 2168 711 2243 qui
731 2169 852 2241 adeptus
873 2168 920 2236 sit,
948 2186 1000 2226 cur
1023 2183 1091 2228 eum

218 2267 335 2324 beatum
350 2267 445 2332 morlo,
470 2271 500 2323 et
524 2284 582 2324 non
604 2267 802 2324 beatissimum
825 2267 914 2324 etiam
938 2265 1091 2328 dixerim?

216 2367 346 2422 dolorem
375 2383 445 2446 veru
468 2365 584 2439 sopiens
609 2363 808 2424 extimescet?
834 2365 889 2422 ⁹8is
916 2367 996 2424 enim
1021 2368 1090 2426 huic

217 2465 345 2522 monime
367 2467 531 2524 sententiae
552 2472 702 2540 repugnat.
743 2467 821 2524 Nam
845 2471 948 2524 contra
968 2473 1090 2524 mortem

219 2571 360 2632 nostram,
384 2572 470 2643 atque
494 2571 665 2631 nostrorum,
688 2570 846 2639 contraque
868 2566 1090 2640 aegritudinem,

218 2665 385 2739 etreliquas
408 2665 498 2722 animi
524 2664 753 2737 perturbationes
775 2666 845 2722 setis
869 2683 933 2722 esse
956 2666 1090 2724 videmur

219 2767 395 2840 superiorum
410 2767 522 2824 dierum
543 2765 786 2840 disputationibus
809 2765 912 2824 ermeti
935 2771 965 2823 et
989 2766 1090 2840 parati.

248 2939 271 2972 ⁹⁵
285 2939 515 2998 prorumperent,
525 2942 673 3003 appellentur]
689 2941 734 2988 rint
747 2941 848 3002 postulat
859 2940 931 2986 torma
940 2940 1054 3001 orationis,
1065 2945 1089 2988 et

219 2997 251 3044 sic
261 2999 308 3046 Ms.
320 3000 392 3046 Guell.
403 3001 434 3046 sic
444 3005 468 3046 et
477 3001 548 3047 edidit
559 3001 663 3048 Davisius
672 3002 708 3047 etl.
716 3003 737 3047 2,

249 3078 272 3109 ⁹⁶
286 3079 371 3125 coelum
380 3078 518 3139 contingunt]
534 3078 549 3125 i.
561 3095 581 3124 e.
594 3079 690 3124 maxima
699 3078 751 3125 sint.
763 3093 785 3125 v.
796 3079 862 3125 Clav.
874 3077 998 3124 incretum.

250 3157 273 3190 ⁹⁷
288 3162 346 3205 uteo
355 3159 394 3216 qui
411 3159 447 3204 od.
458 3159 486 3218 a]
505 3161 530 3204 ut
540 3157 624 3202 hahent
634 3156 686 3202 libri
696 3171 789 3205 omnen
805 3163 880 3202 turuen
898 3157 982 3202 delevit
1000 3157 1092 3206 Lumbi-

219 3231 268 3271 nus,
278 3215 392 3274 Bentlejus
402 3218 467 3262 etiarn
479 3222 501 3261 et
513 3215 623 3261 Davisius.
651 3215 757 3261 Bulrerius
772 3217 863 3273 corrigit
871 3221 900 3262 ot.
912 3217 1000 3261 lrrratra.
1034 3217 1091 3263 Sim-

219 3276 308 3336 pliciter
318 3282 407 3336 poternt
417 3277 496 3322 Cicero
506 3276 588 3327 dicore,
598 3282 622 3320 ut
631 3289 658 3320 ea
667 3276 703 3336 qui
715 3275 808 3335 adeptus
821 3277 856 3332 sit,
868 3291 912 3321 non
924 3275 992 3321 modo
1001 3275 1089 3332 beatus,

220 3337 258 3381 sed
269 3335 338 3380 etiam
349 3335 485 3380 beatissimus
495 3335 539 3381 diei
549 3334 645 3380 debeat:
663 3335 700 3380 sed
718 3337 808 3392 figuram
824 3335 931 3381 orationis
949 3334 1051 3390 mutavit,
1064 3342 1091 3382 ut

220 3394 327 3439 efficacior
335 3400 400 3449 esset,
411 3399 434 3438 et
440 3394 503 3452 dixit,
514 3409 556 3442 cur
564 3420 590 3428 ·-
600 3394 706 3441 dixerim.
717 3401 792 3454 potest
801 3393 869 3440 etiam
880 3393 974 3452 intelligi
983 3394 1087 3442 merium.

220 3451 262 3498 nisi
273 3453 294 3496 id
305 3453 395 3499 cncidit.

250 3531 271 3562 ⁹⁸
285 3531 306 3577 ir
319 3531 341 3576 Ιι.
355 3530 450 3576 monime
460 3545 476 3576 r.
488 3533 606 3594 repugnet]
622 3533 718 3579 plurimo
728 3531 788 3578 edidi
799 3547 847 3577 cum
861 3531 956 3580 Durisio
971 3546 1091 3595 proporro-

219 3590 283 3636 imue.
315 3590 352 3637 cic
362 3595 385 3635 et
394 3589 441 3636 Me.
453 3589 527 3638 (iuell.
538 3593 610 3640 etalii
621 3595 679 3654 apud
690 3593 819 3651 Buherium,
830 3593 865 3638 ed.
877 3593 968 3644 Juntae.
