2558 4198
232 325 298 384 280
490 313 535 364 n!
551 313 691 364 NATURA
705 313 852 368 DEORUM

231 466 320 524 modo
333 467 434 523 natum
457 465 596 523 mundum
613 463 815 531 introduxerit,
839 463 892 522 sed
913 462 1003 523 eliam
1016 482 1109 529 manu

231 581 326 638 paene
339 564 456 644 lactum,
467 563 491 620 is
503 581 570 622 cum
583 563 693 622 dixerit
704 563 764 621 lore
775 562 993 637 sempiternum.
1016 565 1108 627 Hunc

232 679 335 722 censes
346 663 454 736 primis,
467 667 500 720 ut
510 662 626 730 dicitur,
638 661 726 720 labris
734 667 865 736 gustasse
876 662 1103 738 physiologiam,

232 762 282 838 qui
302 762 466 837 quidquam,
487 762 562 837 quod
586 766 681 819 ortum
702 759 750 827 sit,
770 765 851 834 putet
870 767 1021 820 aeternum
1041 781 1105 821 esse

232 859 339 938 posse?
358 879 432 936 quae
445 865 490 918 est
501 860 580 918 enim
600 859 816 935 coagmentatio
830 877 889 918 non
904 857 1104 920 dissolubilis?

233 967 283 1022 aut
296 961 364 1038 qnid
378 964 433 1029 est,
456 960 538 1035 cujus
560 959 735 1033 principium
760 958 875 1032 aliquod
894 958 943 1028 sit,
970 959 1043 1017 nihil
1065 959 1105 1018 sit·

232 1058 421 1120 extremum?
461 1059 594 1118 Pronoea
629 1075 702 1115 vero
721 1055 776 1113 ³¹si
801 1061 899 1114 vestra
919 1063 973 1126 est,
996 1057 1104 1127 Lucili,

234 1161 353 1230 eadem3
374 1159 496 1234 requiro,
510 1175 583 1233 quae
606 1159 703 1230 paullo
716 1161 795 1224 ante,
820 1156 976 1225 ministros,
996 1157 1108 1215 machi-

232 1277 296 1327 nas,
309 1276 426 1316 omnem
441 1258 528 1316 totins
542 1256 636 1330 operis
656 1255 898 1328 designationem,
918 1260 1004 1328 atque
1018 1256 1118 1328 appa?

232 1364 343 1416 ratum:
364 1356 409 1414 sin
424 1357 483 1413 alia
507 1361 560 1420 est,
582 1372 633 1412 cur
653 1355 804 1410 mortalem
829 1353 931 1410 iecerit
955 1355 1105 1424 mundum,

234 1475 292 1514 non
317 1455 557 1530 quemadmodum
585 1452 755 1510 Platonicus
779 1453 858 1522 deus,
885 1453 1105 1524 sempiternum.

232 1555 255 1588 ³¹
266 1556 315 1614 Ab
329 1561 448 1628 utroque
462 1558 558 1610 antem
572 1551 715 1617 sciscitor,
725 1567 777 1608 cur
790 1551 890 1608 mundi
903 1550 1105 1610 aedificatores

234 1661 355 1729 repente
368 1653 554 1711 exstiterint:
582 1648 605 1682 ³³
614 1649 836 1708 innumerabilia
850 1653 969 1707 saecula
982 1651 1106 1708 dormie-

203 1763 222 1817 9
234 1755 301 1813 rint.
341 1753 411 1810 Non
431 1752 511 1808 enim
525 1750 551 1807 si
565 1751 687 1808 mundus
707 1750 804 1808 nullus
818 1753 890 1818 erat,
903 1752 1022 1807 saecula
1041 1766 1103 1809 nou

235 1862 327 1910 erant.
370 1852 496 1908 Saecula
520 1866 599 1907 nunc
626 1849 703 1915 dico,
727 1865 787 1905 non
811 1864 855 1916 ea,
883 1865 957 1923 quae
984 1848 1106 1917 dierum,

230 1949 420 2023 ‘noctiumque
454 1965 573 2006 numero
605 1947 711 2005 annuis
738 1946 869 2004 curtibus
900 1947 1113 2012 conficiuntur,

235 2065 303 2106 nam
323 2048 424 2116 faleor,
452 2048 573 2104 casine
600 2046 701 2103 mundi
725 2045 919 2104 conversione
943 2045 1019 2102 effici
1045 2061 1106 2103 non

234 2147 371 2222 potuisse.
423 2145 483 2203 Sed
510 2144 565 2201 luit
591 2145 733 2219 quaedam
767 2147 804 2202 ab
831 2143 948 2203 infinito
974 2151 1105 2218 ternpore

235 2243 401 2312 aeternitas,
437 2259 522 2318 quam
566 2245 646 2301 nulla
680 2248 841 2316 temporum
874 2242 1107 2317 circumscriptio

235 2344 416 2411 metiebatur,
438 2343 532 2416 spatio
553 2346 661 2410 tamem
684 2343 776 2416 qualis
801 2358 836 2399 ea
859 2341 954 2408 luerit,
978 2341 1106 2417 intelligi

131 2517 138 2524 ἱ
213 2447 346 2517 ·[ιοίεεῒ;
376 2443 451 2517 quod
475 2461 513 2499 ne
537 2443 568 2499 in
593 2442 802 2516 cogitationem
827 2441 943 2516 quidem
965 2441 1054 2508 cadit,
1073 2445 1106 2499 ut

235 2543 320 2600 luerit
348 2547 460 2616 tempus
492 2542 618 2615 aliquod,
646 2543 757 2598 nullum
784 2557 851 2598 cum
879 2545 991 2613 tempus
1017 2545 1105 2598 esset.

236 2643 297 2700 lslo
311 2642 399 2716 igitur
420 2647 478 2697 tam
503 2641 647 2696 immenso
673 2639 767 2709 spatio
789 2657 904 2712 quaero,
927 2640 1032 2707 Balbe,
1053 2656 1106 2698 our

235 2742 368 2799 Pronoea
395 2745 494 2798 vestra
521 2739 689 2796 cessaverit.
739 2739 922 2796 Laboremne
947 2735 1107 2812 fugiebat?

237 2841 280 2898 At
293 2841 348 2897 isle
363 2857 419 2897 nec
433 2837 551 2912 attingit
565 2840 662 2906 deum,
676 2855 732 2896 nec
747 2842 810 2895 erat
824 2839 908 2906 ullus,
921 2855 989 2896 cum
1003 2855 1106 2896 omnes

141 2977 147 2993 ,
234 2945 353 2996 naturae
368 2938 481 2997 numini
501 2938 613 3006 divino,
632 2940 759 3006 caelum,
780 2937 873 3011 ignes,
895 2942 999 3007 terrae,
1013 2937 1105 2996 maria

236 3092 360 3142 Davisiunr.
374 3094 411 3139 sed
423 3093 478 3140 nihil
497 3096 538 3148 est,
549 3106 594 3152 quo
609 3091 716 3148 pulmonis
731 3091 847 3146 reseratur,
864 3092 923 3138 unde
938 3090 1043 3140 Davisius
1057 3105 1107 3138 cor·

236 3151 323 3210 rigebat
337 3152 398 3198 illud
414 3154 514 3208 palmare
532 3151 629 3211 quidem.
660 3151 734 3197 Meus
752 3149 843 3198 vitiosus
862 3151 969 3197 videtur:
993 3150 1106 3212 quomodo

235 3210 378 3268 corrigendus
388 3211 423 3267 sit,
435 3210 515 3256 nerem.

265 3288 688 3348 ³1slvutraasn.aauem]se.eun
707 3265 758 3334 n‘ea
775 3287 894 3336 Platorisr
911 3289 969 3350 qood
989 3284 1105 3349 seqaremio

235 3347 341 3394 indicant.
360 3363 410 3394 narn
420 3347 462 3394 illa
471 3348 597 3408 quaesierat
607 3347 636 3392 de
653 3349 708 3392 hoc:
729 3353 753 3393 et
764 3347 885 3408 opponitur
900 3348 953 3396 huic
969 3347 1051 3396 deiude
1069 3346 1106 3394 tin

233 3407 280 3452 olio
290 3411 321 3452 est
328 3423 339 3462 ,·
358 3406 394 3452 ubi
405 3413 429 3452 et
437 3405 564 3453 Platonicus
575 3405 635 3454 Deus
645 3406 728 3451 diserte
738 3411 880 3454 memoratur.

264 3484 288 3516 ²2
303 3485 459 3546 Aoumque]
490 3484 608 3532 Platonico
617 3489 641 3531 ct
655 3485 737 3532 Stoico.
755 3523 756 3526 ,

263 3561 287 3596 ³²
301 3562 478 3613 innumerabilia
494 3569 547 3610 ants
562 3565 647 3612 sowuln
664 3563 815 3626 semaam]
847 3563 929 3611 Delevi
943 3569 1001 3624 calc,
1012 3561 1109 3626 quodsi

234 3621 317 3670 aMss.
328 3619 399 3680 obest,
411 3622 471 3684 apud
480 3622 595 3672 Davisiorn
605 3629 629 3673 et
638 3639 652 3672 a
661 3623 735 3673 uuelt
746 3629 770 3672 et
779 3622 803 3672 in
812 3637 882 3685 marg.
893 3623 973 3678 hamb.
