2326 4066
219 279 283 339 ⁴42
473 271 517 320 DE
534 267 674 321 NATURA
689 268 835 349 DEORUM

219 419 320 479 lortius
335 417 414 477 Jove
436 420 523 478 lertio
537 425 622 478 natus
634 425 665 476 et
682 420 812 478 ulons:
833 435 920 495 quem
941 416 1011 474 ⁸'err
1026 416 1090 492 Hy·

218 519 366 594 perboreis
381 521 514 593 Delphos
528 520 624 578 lemni
647 521 822 578 advenisse:
844 527 960 594 quartus
980 515 1011 574 in
1036 520 1091 576 Ar·

217 620 313 686 audis,
326 637 413 694 quem
439 621 573 677 Arcades
597 617 618 650 ‘³
631 619 811 679 Nomionem
833 618 1091 693 appellarique]

218 720 256 776 ab
269 734 307 776 so
319 737 352 775 se
366 722 447 793 leges
458 720 552 776 lemut
565 720 726 793 accepisse.
759 719 876 776 Dianae
890 718 961 775 item
975 718 1089 791 plures:

218 819 311 894 prima
325 819 411 875 Jovis
425 825 455 877 et
479 817 681 892 Proserpinae,
700 837 775 894 quse
799 819 951 893 pinnatum
971 816 1090 890 Cupidi-

216 935 285 977 nem
307 917 442 992 genuisse
465 918 590 975 dieitur:
618 920 747 977 seeundo
772 917 877 984 notior,
901 933 989 991 quam
1010 917 1089 973 Jove

216 1019 305 1074 terlio
328 1024 359 1074 el
383 1019 498 1076 Latona
524 1024 622 1076 natam
650 1017 837 1091 accepimus:
866 1016 971 1074 tertiae
998 1021 1089 1089 pater,

218 1115 293 1188 Upis
321 1117 451 1183 traditur,
477 1118 592 1175 Glauce
616 1123 717 1176 mater·
745 1134 811 1175 eam
833 1115 854 1147 ⁸⁴
868 1115 976 1172 Graeci
1000 1133 1089 1188 saepe

216 1213 309 1287 Upim
323 1223 444 1286 paterno
469 1217 588 1275 nomine
609 1219 767 1291 appellant.
809 1217 960 1289 Dionysos
982 1217 1089 1272 multos

216 1311 375 1371 babemus:
409 1315 534 1389 primum
561 1334 578 1373 e
606 1317 685 1374 Jove
714 1322 745 1373 et
768 1315 943 1389 Proserpina
968 1319 1090 1371 natum:

215 1415 376 1471 meandum
391 1414 473 1481 Nilo,
485 1415 534 1488 qui
546 1416 660 1490 Nysam
670 1415 777 1474 dieitur
791 1413 989 1473 interemisse:
1003 1410 1024 1444 ⁸⁵
1034 1418 1089 1470 ter-

215 1511 299 1580 uum,
323 1513 433 1586 (laprio
447 1520 538 1586 petre,
559 1533 683 1590 eumque
699 1533 796 1590 regem
824 1515 916 1573 Asiae
931 1511 1089 1587 praefuisse

216 1610 337 1681 (lienum
365 1613 415 1670 eui
440 1615 565 1672 Sabazia
591 1621 660 1674 sunt
678 1615 828 1672 instituta:
848 1617 979 1688 quartum
1008 1612 1088 1668 Jove

216 1714 247 1767 et
261 1711 356 1779 Lanu,
369 1714 418 1770 sui
442 1731 525 1771 saera
547 1714 677 1788 Orphica
702 1719 839 1790 putantur
858 1711 984 1771 conici:
1005 1710 1088 1784 quin·

216 1811 278 1867 lum
294 1811 369 1869 Niso
387 1818 486 1871 uatum
500 1820 530 1870 et
546 1814 687 1888 Thyone,
701 1831 718 1871 a
739 1831 797 1889 quo
809 1812 997 1870 Tristerides
1017 1826 1088 1866 eon·

214 1906 334 1966 mnae
348 1917 493 1987 putantem.
537 1912 641 1993 Venus
657 1914 749 1987 prima
764 1914 866 1981 Coelo,
880 1918 910 1968 et
926 1909 985 1967 Die
1000 1912 1088 1978 uala;

214 2009 299 2082 eujus
320 2010 407 2066 Elide
427 2013 579 2069 delubrum
604 2013 750 2069 videmus:
773 2014 875 2077 altera,
900 2025 1003 2081 spuma
1025 2023 1088 2082 pro-

215 2114 324 2175 ereata,
348 2125 387 2165 err
412 2123 477 2182 qua,
499 2114 530 2165 et
551 2109 698 2166 Mercurio
724 2108 900 2181 Cupidinem
915 2109 1092 2167 ,seeundum

215 2215 316 2266 ustum
329 2207 511 2279 recepimus:
534 2207 630 2276 tertia,
643 2209 721 2265 Jove
736 2214 805 2266 ueta
820 2213 850 2265 et
866 2206 982 2277 Diona;
1011 2223 1087 2282 quae

216 2305 314 2378 nupsit
328 2306 474 2364 Vulcano.
519 2307 577 2366 Sed
592 2326 630 2366 ex
643 2326 680 2365 ea
693 2315 724 2365 et
739 2308 835 2377 Marte
858 2314 942 2365 natus
958 2308 1088 2365 Anteros

215 2404 344 2463 dieitur:
377 2412 489 2482 quarta,
517 2409 605 2483 Syria
634 2408 775 2484 Tyroque
805 2413 972 2481 concepta3
1012 2422 1088 2480 quae

218 2505 337 2563 Astarte
361 2514 499 2577 rosatum
524 2526 611 2582 quam
637 2509 768 2567 Adonidi
783 2509 912 2582 nupsisse
941 2504 1087 2580 proditum

216 2609 270 2662 est.
313 2605 450 2663 Minerva
464 2608 565 2680 prima,
579 2625 664 2682 quam
687 2608 835 2681 Apollinis
858 2600 979 2665 matrem
1000 2621 1088 2678 supra

214 2702 359 2761 diximus:
387 2708 516 2764 secunda
534 2714 596 2764 orta
613 2708 692 2775 Nilo,
712 2727 798 2783 quam
821 2707 964 2782 Aegyptii
983 2707 1085 2764 Saitae
1120 2734 1126 2739 -

214 2804 331 2861 colunt:
354 2805 438 2864 tertia
452 2807 513 2874 illu,
534 2825 619 2882 quam
634 2809 712 2865 Jove
725 2814 893 2880 generatam
908 2824 995 2879 supra
1008 2806 1085 2864 dixi·

244 2957 267 2990 ⁸²
281 2973 309 3004 so
322 2958 473 3017 Hyperboreis
489 2962 586 3019 Delplos
593 2963 618 3021 s.
634 2962 765 3025 aduenisse]
797 2963 869 3020 Hujus
879 2961 911 3009 rei
921 2961 1008 3008 nullum
1019 2961 1081 3023 apud

214 3021 301 3064 veteres
314 3019 432 3077 vestigium
444 3036 479 3066 me
490 3023 588 3080 reperire
603 3022 700 3068 memini.
732 3023 802 3070 Venit
818 3022 938 3084 aliquando
948 3021 970 3067 iu
985 3030 1083 3067 ruentem

213 3076 1084 3207 :lttlffltl‘plillffltssnlitpropitiabitur“tillidi

214 3203 332 3302 guptsunrp
342 3212 424 3244 mrsrsse
433 3197 542 3259 primitias
552 3200 580 3245 ad
591 3215 652 3246 sacra
661 3201 777 3257 solemma,
788 3207 841 3247 rtem
852 3200 912 3261 apud
922 3214 960 3246 eos
970 3200 1082 3249 mmmm

230 3268 243 3299 s
255 3269 298 3311 am,
309 3270 322 3300 e
333 3271 350 3301 a,

242 3333 266 3367 ⁸³
280 3333 422 3397 Nomionem]
437 3335 512 3397 placet
523 3339 600 3388 Huetii
611 3339 721 3387 sententia
733 3339 859 3391 Demonstr.
871 3338 914 3385 El·
926 3338 993 3400 Pr0p·
1006 3339 1047 3388 Ν·
1059 3354 1080 3387 t·

212 3391 234 3448 θ,
244 3395 265 3438 ³·
279 3394 372 3451 legentis
382 3407 473 3459 Napra-
485 3416 536 3447 nam
551 3401 582 3447 sic
591 3399 671 3448 Graeci
681 3401 804 3460 appellant,
818 3417 862 3452 noa
876 3410 989 3463 Natum·

208 3476 213 3485 '
242 3478 264 3512 Β*
278 3480 360 3528 Graed
369 3495 428 3539 saepe
441 3481 519 3545 Upim]
534 3498 553 3528 e.
566 3496 584 3528 e.
597 3479 748 3528 Callimachus
759 3480 788 3527 Η.
799 3482 822 3529 in
833 3483 929 3530 Dianam
940 3487 990 3533 204.

242 3555 264 3590 ⁸⁵
279 3560 370 3607 tertium
381 3562 462 3620 Capria
480 3568 548 3616 patre.
593 3562 638 3611 Me.
651 3558 726 3608 Gneli.
743 3559 900 3619 tranet-cam,
911 3572 937 3609 ut
946 3565 1004 3610 alius
1018 3563 1080 3625 apud

212 3613 339 3668 Davisium.
349 3619 425 3681 plsoet
433 3627 509 3670 autem
518 3624 548 3673 m'
567 3625 629 3672 'lea
640 3617 749 3670 Grouovii
757 3619 842 3686 opinio.
852 3621 982 3690 corrigentis
991 3622 1081 3674 eane.
