2552 4208
230 329 290 388 too
462 319 596 370 'rusonn
612 319 855 374 oomsrronuns

226 475 259 528 ut
272 470 395 542 imperet
407 467 452 526 illi
466 469 541 542 porti
561 467 662 538 enimi,
684 468 705 502 ⁷⁹
718 487 792 544 quoe
805 469 924 530 obedire
946 471 1045 539 debet,
1067 473 1100 532 id

227 569 386 627 videndum
406 575 450 626 est
474 569 547 626 viro.
572 585 698 644 quonum
723 568 830 628 modo?
858 571 964 646 inquis.
1006 572 1099 631 Velut

227 669 362 728 dominus
375 685 470 734 serso,
483 671 567 726 velut
587 667 744 742 imperator
765 669 861 736 militi,
887 673 969 728 velot
994 687 1099 743 parens

226 769 299 828 lilio.
311 769 338 832 ri
352 767 515 841 turpissime
529 785 561 824 se
575 768 628 826 illo
642 785 705 840 pers
719 767 810 826 enimi
824 773 915 842 geret,
929 787 1016 842 quam
1035 770 1100 828 dixi

164 879 168 888 '
227 886 294 926 esse
308 869 434 933 mollem,
453 867 479 924 ri
492 885 524 924 se
538 866 675 924 lumentis
694 865 881 934 muliebriter,
906 869 1099 944 lacrymisque

228 969 327 1034 dedet,
341 967 497 1034 vincietur,
511 972 540 1024 et
565 966 781 1040 constringatur
798 966 967 1035 omioorum,
987 968 1101 1040 propin·

229 1083 405 1141 quorumque
425 1065 575 1124 custodiis.
598 1063 717 1137 ⁰⁰suepe
736 1064 816 1122 enim
831 1065 969 1130 vidimus,
993 1067 1100 1125 irrotoe

229 1169 349 1242 pudore,
359 1165 407 1241 qui
421 1166 534 1222 ratione
548 1166 628 1222 nulls
642 1163 840 1221 vincerentur.
861 1162 879 1194 ⁸¹
889 1181 960 1238 ergo
974 1165 1026 1222 hos
1040 1163 1102 1240 qui·

230 1267 307 1332 dem,
321 1269 354 1322 ut
367 1265 498 1330 tumulos,
514 1263 620 1320 virtolis
643 1279 732 1336 prope
752 1279 787 1320 no
809 1264 943 1320 custodio
966 1253 1102 1322 ooiiroee'·

231 1381 305 1422 mus.
329 1363 378 1439 qui
401 1369 497 1420 autem
521 1367 604 1419 erunt
628 1360 776 1428 firmiores,
803 1379 859 1420 neo
883 1369 981 1420 tumen
1005 1365 1103 1421 robus·

231 1463 346 1529 tissimi,
373 1463 425 1518 hos
453 1461 602 1518 admonitu
629 1460 783 1533 oportebit,
808 1465 839 1517 ut
863 1462 954 1518 bonos
986 1462 1103 1530 milites,

229 1569 392 1631 revocatos,
412 1561 584 1636 dignitatern
608 1559 689 1617 lueri.
712 1577 771 1616 non
794 1559 881 1617 nimis
904 1558 967 1617 ”in
989 1561 1102 1634 Niptris

229 1663 280 1720 ille
293 1661 523 1736 sapientissimus
546 1658 692 1718 Gmeoioe
714 1658 831 1718 ssuoius
853 1660 1028 1718 lamentetur
1052 1661 1102 1722 rel

230 1763 345 1820 modios
359 1761 472 1831 potius:

290 1914 432 1962 Pedetentlm
455 1912 551 1972 (inquil)
571 1911 611 1968 ite,
631 1915 655 1957 et
669 1911 750 1958 reduto
769 1909 825 1969 nitu,
845 1924 875 1957 ue
893 1925 994 1958 metuesu
1010 1911 1104 1974 arripiat

349 1992 421 2050 major
435 1991 507 2038 dolor.

233 2131 381 2192 Pacuvius
396 2133 469 2188 bueo
495 2130 606 2200 melius,
627 2149 714 2206 quam
739 2129 911 2205 Sophocles.
925 2132 1001 2204 opud
1021 2131 1104 2192 illum

233 2232 311 2290 enim
327 2249 462 2306 perquam
483 2230 619 2286 flebiliter
650 2232 774 2304 Ulysses
789 2233 964 2288 lamentatur
986 2230 1015 2288 in
1043 2234 1103 2290 vul·

233 2350 318 2390 uere:
342 2337 437 2387 lumen
453 2329 520 2386 huio
535 2328 642 2387 leviter
654 2329 794 2404 gementi,
809 2329 853 2386 illi
867 2329 933 2402 ipsi,
944 2329 992 2404 qui
1006 2330 1103 2390 lerunt

233 2431 371 2495 sarmium,
386 2447 525 2502 personne
540 2429 715 2504 gravitatem
736 2428 895 2510 intuentes,
908 2446 968 2486 nou
990 2430 1101 2488 dubiis·

232 2527 423 2588 ruuldioere:

262 2685 298 2730 Tu
309 2699 405 2744 quoque,
416 2682 516 2740 Ulysses,
527 2695 659 2742 quemqnam
669 2679 769 2737 graviter
777 2679 887 2727 eernimus
896 2681 973 2734 ictum,

261 2765 336 2811 Nimis
347 2777 417 2824 paene
424 2763 500 2808 auimo
509 2776 533 2808 es
544 2762 615 2818 molli,
625 2760 691 2822 ⁸³qui
701 2765 818 2806 conmotus
827 2759 850 2806 io
860 2760 928 2808 ermis
936 2775 1016 2807 aevum
1026 2773 1103 2820 egere.

233 2904 376 2978 inlelligit
399 2901 485 2976 podia
499 2903 632 2976 prudens,
652 2899 764 2957 serendi
786 2897 893 2958 doloris
916 2899 1101 2957 cousuetudi-

262 3059 285 3090 ⁷⁹
298 3073 353 3117 quoe
361 3057 449 3104 obedire
458 3057 527 3115 debet]
548 3055 627 3102 melius
636 3055 719 3101 debent.

262 3139 283 3170 ⁸⁰
298 3152 357 3191 saepe
368 3137 426 3180 enim
436 3136 552 3192 vidintur]
583 3135 620 3178 Sic
630 3141 690 3177 reete
705 3147 746 3193 pro
764 3134 864 3180 uidemus
874 3133 936 3179 dedit
949 3133 1054 3180 Davisius
1064 3133 1101 3196 ed.

234 3202 254 3246 2.
267 3213 316 3243 narn
326 3195 521 3256 sequiturfroulor,
532 3193 671 3249 norrfrungs'.
682 3199 705 3238 et
714 3194 745 3238 sic
755 3193 823 3238 hebet
834 3193 880 3239 Ms.
892 3193 966 3241 Guell.
1151 3191 1157 3204 ¹

262 3279 280 3308 ⁸¹
298 3275 394 3333 ergnlros
412 3273 522 3331 quidem·
539 3298 548 3306 ·
564 3273 709 3332 coerceamus]
733 3272 770 3318 hor
787 3287 817 3318 so.
838 3273 915 3318 molles
931 3281 954 3316 et
971 3281 1055 3331 turpes,
1073 3271 1104 3318 de

233 3335 311 3395 quibus
321 3341 375 3380 aute
384 3334 477 3378 dixerut⁴
491 3337 539 3390 post
551 3335 687 3376 coi'rceumut
697 3331 798 3377 dedimus
817 3347 844 3377 ex
859 3332 896 3399 ed.¹
912 3339 957 3378 vet.
975 3345 1010 3390 ap.
1030 3331 1102 3376 Bube-

233 3393 597 3512 Effispwrlr‘s'bslullgffinssrggggtuur,
616 3391 675 3450 quod
691 3397 725 3436 est
743 3391 772 3437 ab
790 3393 811 3436 lr.
833 3391 848 3436 l.
867 3390 972 3436 alienum.
1006 3391 1031 3436 lu
1052 3389 1099 3438 Mt.
1127 3415 1130 3422 ⁴

265 3533 287 3563 ⁰²
302 3531 328 3574 iu
339 3529 428 3586 Niptris
437 3529 568 3589 sapienties]
586 3527 626 3575 inl.
639 3529 750 3586 Ulyssem.
784 3527 868 3584 Niptra
881 3533 931 3572 suut
940 3525 1064 3589 Sophoclis,

263 3607 289 3640 ³⁸³
303 3609 343 3668 qui
350 3608 472 3668 consumtus]
488 3609 623 3670 quinctius,
633 3623 661 3658 ex
671 3609 785 3656 latinitate
795 3606 892 3668 quidem,
901 3606 971 3654 obsit.
