<?xml version="1.0" encoding="UTF-8"?>
<!DOCTYPE html PUBLIC "-//W3C//DTD XHTML 1.0 Transitional//EN"
    "http://www.w3.org/TR/xhtml1/DTD/xhtml1-transitional.dtd">
<html xmlns="http://www.w3.org/1999/xhtml" xml:lang="en" lang="en">
 <head>
  <title>
</title>
<meta http-equiv="Content-Type" content="text/html;charset=utf-8" />
  <meta name='ocr-system' content='tesseract 3.04.00' />
  <meta name='ocr-capabilities' content='ocr_page ocr_carea ocr_par ocr_line ocrx_word'/>
</head>
<body>
  <div class='ocr_page' id='page_1' title='image "./mtvlliiciceroni11cicegoog/mtvlliiciceroni11cicegoog_0239.png"; bbox 0 0 2548 4208; ppageno 0'>
   <div class='ocr_carea' id='block_1_1' title="bbox 234 307 866 418">
    <p class='ocr_par' dir='ltr' id='par_1_1' title="bbox 234 307 866 418">
     <span class='ocr_line' id='line_1_1' title="bbox 234 307 866 418; baseline 0.008 -50"><span class='ocrx_word' id='word_1_1' title='bbox 234 327 298 390; x_wconf 68' lang='lat'><strong>223</strong></span> <span class='ocrx_word' id='word_1_2' title='bbox 439 309 604 418; x_wconf 26' lang='lat' dir='ltr'><strong>&#39;mamus</strong></span> <span class='ocrx_word' id='word_1_3' title='bbox 619 307 866 373; x_wconf 65' lang='lat' dir='ltr'><strong>commollitis</strong></span> 
     </span>
    </p>
   </div>
   <div class='ocr_carea' id='block_1_2' title="bbox 146 465 1146 3420">
    <p class='ocr_par' dir='ltr' id='par_1_2' title="bbox 146 465 1146 3420">
     <span class='ocr_line' id='line_1_2' title="bbox 233 465 1107 544; baseline 0.006 -19"><span class='ocrx_word' id='word_1_4' title='bbox 233 485 320 544; x_wconf 81' lang='lat' dir='ltr'><strong>quem</strong></span> <span class='ocrx_word' id='word_1_5' title='bbox 341 465 479 528; x_wconf 82' lang='lat' dir='ltr'><strong>tortitudo</strong></span> <span class='ocrx_word' id='word_1_6' title='bbox 496 469 534 526; x_wconf 93' lang='lat' dir='ltr'><strong>ab</strong></span> <span class='ocrx_word' id='word_1_7' title='bbox 555 467 736 544; x_wconf 74' lang='lat' dir='ltr'>aegritudine</span> <span class='ocrx_word' id='word_1_8' title='bbox 759 471 791 526; x_wconf 92' lang='lat' dir='ltr'><strong>et</strong></span> <span class='ocrx_word' id='word_1_9' title='bbox 809 485 829 526; x_wconf 91' lang='lat' dir='ltr'><strong>a</strong></span> <span class='ocrx_word' id='word_1_10' title='bbox 851 471 932 526; x_wconf 88' lang='lat' dir='ltr'><strong>metu</strong></span> <span class='ocrx_word' id='word_1_11' title='bbox 953 467 1107 530; x_wconf 79' lang='lat' dir='ltr'><strong>vindicet:</strong></span> 
     </span>
     <span class='ocr_line' id='line_1_3' title="bbox 232 567 1107 642; baseline 0.003 -16"><span class='ocrx_word' id='word_1_12' title='bbox 232 567 427 642; x_wconf 72' lang='lat' dir='ltr'><strong>temperantia</strong></span> <span class='ocrx_word' id='word_1_13' title='bbox 454 573 557 626; x_wconf 89' lang='lat' dir='ltr'><strong>tuma</strong></span> <span class='ocrx_word' id='word_1_14' title='bbox 587 567 710 626; x_wconf 79' lang='lat' dir='ltr'><strong>libidine</strong></span> <span class='ocrx_word' id='word_1_15' title='bbox 737 573 855 637; x_wconf 83' lang='lat' dir='ltr'><strong>avocet,</strong></span> <span class='ocrx_word' id='word_1_16' title='bbox 877 573 939 626; x_wconf 89' lang='lat' dir='ltr'><strong>tum</strong></span> <span class='ocrx_word' id='word_1_17' title='bbox 962 569 1107 630; x_wconf 70' lang='lat' dir='ltr'><strong>insolenti</strong></span> 
     </span>
     <span class='ocr_line' id='line_1_4' title="bbox 233 665 1146 742; baseline 0.004 -18"><span class='ocrx_word' id='word_1_18' title='bbox 233 666 386 725; x_wconf 83' lang='lat' dir='ltr'><strong>alacritate</strong></span> <span class='ocrx_word' id='word_1_19' title='bbox 399 667 506 742; x_wconf 76' lang='lat' dir='ltr'><strong>gestire</strong></span> <span class='ocrx_word' id='word_1_20' title='bbox 519 683 578 724; x_wconf 91' lang='lat' dir='ltr'><strong>non</strong></span> <span class='ocrx_word' id='word_1_21' title='bbox 599 665 698 726; x_wconf 85' lang='lat' dir='ltr'><strong>sinat?</strong></span> <span class='ocrx_word' id='word_1_22' title='bbox 727 668 811 724; x_wconf 85' lang='lat' dir='ltr'><strong>llaec</strong></span> <span class='ocrx_word' id='word_1_23' title='bbox 834 667 951 726; x_wconf 83' lang='lat' dir='ltr'><strong>edicere</strong></span> <span class='ocrx_word' id='word_1_24' title='bbox 966 669 1108 728; x_wconf 86' lang='lat' dir='ltr'><strong>virtutem</strong></span> <span class='ocrx_word' id='word_1_25' title='bbox 1141 671 1146 676; x_wconf 87' lang='lat'>&#39;</span> 
     </span>
     <span class='ocr_line' id='line_1_5' title="bbox 233 766 1103 841; baseline 0.003 -17"><span class='ocrx_word' id='word_1_26' title='bbox 233 767 427 834; x_wconf 85' lang='lat' dir='ltr'><strong>ostenderem,</strong></span> <span class='ocrx_word' id='word_1_27' title='bbox 441 766 499 824; x_wconf 87' lang='lat' dir='ltr'><strong>uiri</strong></span> <span class='ocrx_word' id='word_1_28' title='bbox 512 767 707 840; x_wconf 88' lang='lat' dir='ltr'><strong>superioribus</strong></span> <span class='ocrx_word' id='word_1_29' title='bbox 719 767 821 824; x_wconf 90' lang='lat' dir='ltr'><strong>diebus</strong></span> <span class='ocrx_word' id='word_1_30' title='bbox 835 771 936 825; x_wconf 88' lang='lat' dir='ltr'><strong>essent</strong></span> <span class='ocrx_word' id='word_1_31' title='bbox 945 768 1103 841; x_wconf 81' lang='lat' dir='ltr'><strong>explicata</strong></span> 
     </span>
     <span class='ocr_line' id='line_1_6' title="bbox 183 863 1107 940; baseline 0.002 -16"><span class='ocrx_word' id='word_1_32' title='bbox 183 863 336 940; x_wconf 77' lang='lat' dir='ltr'><strong>lbrttque</strong></span> <span class='ocrx_word' id='word_1_33' title='bbox 369 881 437 924; x_wconf 88' lang='lat' dir='ltr'><strong>eum</strong></span> <span class='ocrx_word' id='word_1_34' title='bbox 465 866 695 939; x_wconf 74' lang='lat' dir='ltr'><strong>perturbationes</strong></span> <span class='ocrx_word' id='word_1_35' title='bbox 708 866 810 932; x_wconf 89' lang='lat' dir='ltr'><strong>animi,</strong></span> <span class='ocrx_word' id='word_1_36' title='bbox 843 865 997 937; x_wconf 78' lang='lat' dir='ltr'><strong>miseram3</strong></span> <span class='ocrx_word' id='word_1_37' title='bbox 1025 867 1107 926; x_wconf 82' lang='lat' dir='ltr'><strong>seda-</strong></span> 
     </span>
     <span class='ocr_line' id='line_1_7' title="bbox 234 964 1105 1038; baseline 0.001 -15"><span class='ocrx_word' id='word_1_38' title='bbox 234 964 330 1024; x_wconf 88' lang='lat' dir='ltr'><strong>tiones</strong></span> <span class='ocrx_word' id='word_1_39' title='bbox 371 972 480 1031; x_wconf 85' lang='lat' dir='ltr'><strong>autem,</strong></span> <span class='ocrx_word' id='word_1_40' title='bbox 514 965 607 1024; x_wconf 84' lang='lat' dir='ltr'><strong>vitam</strong></span> <span class='ocrx_word' id='word_1_41' title='bbox 640 964 771 1024; x_wconf 82' lang='lat' dir='ltr'><strong>efficiant</strong></span> <span class='ocrx_word' id='word_1_42' title='bbox 801 965 933 1023; x_wconf 71' lang='lat' dir='ltr'><strong>beatam</strong></span> <span class='ocrx_word' id='word_1_43' title='bbox 983 967 1105 1038; x_wconf 85' lang='lat' dir='ltr'><strong>duplex·</strong></span> 
     </span>
     <span class='ocr_line' id='line_1_8' title="bbox 233 1061 1106 1141; baseline 0 -19"><span class='ocrx_word' id='word_1_44' title='bbox 233 1080 290 1141; x_wconf 91' lang='lat' dir='ltr'><strong>que</strong></span> <span class='ocrx_word' id='word_1_45' title='bbox 323 1063 399 1122; x_wconf 88' lang='lat' dir='ltr'><strong>ratio</strong></span> <span class='ocrx_word' id='word_1_46' title='bbox 430 1061 655 1140; x_wconf 87' lang='lat' dir='ltr'><strong>perturbationis</strong></span> <span class='ocrx_word' id='word_1_47' title='bbox 685 1063 735 1134; x_wconf 87' lang='lat' dir='ltr'><strong>sit,</strong></span> <span class='ocrx_word' id='word_1_48' title='bbox 771 1064 849 1140; x_wconf 87' lang='lat' dir='ltr'><strong>qnod</strong></span> <span class='ocrx_word' id='word_1_49' title='bbox 880 1063 1041 1138; x_wconf 77' lang='lat' dir='ltr'><strong>aegritudo,</strong></span> <span class='ocrx_word' id='word_1_50' title='bbox 1074 1069 1106 1122; x_wconf 90' lang='lat' dir='ltr'><strong>et</strong></span> 
     </span>
     <span class='ocr_line' id='line_1_9' title="bbox 232 1162 1106 1238; baseline -0.001 -15"><span class='ocrx_word' id='word_1_51' title='bbox 232 1169 338 1234; x_wconf 87' lang='lat' dir='ltr'><strong>metus,</strong></span> <span class='ocrx_word' id='word_1_52' title='bbox 361 1164 394 1221; x_wconf 92' lang='lat' dir='ltr'><strong>in</strong></span> <span class='ocrx_word' id='word_1_53' title='bbox 425 1165 510 1222; x_wconf 86' lang='lat' dir='ltr'><strong>malis</strong></span> <span class='ocrx_word' id='word_1_54' title='bbox 541 1162 683 1238; x_wconf 84' lang='lat' dir='ltr'><strong>opinatis,</strong></span> <span class='ocrx_word' id='word_1_55' title='bbox 713 1163 746 1221; x_wconf 90' lang='lat' dir='ltr'><strong>in</strong></span> <span class='ocrx_word' id='word_1_56' title='bbox 773 1164 915 1222; x_wconf 92' lang='lat' dir='ltr'><strong>bonorum</strong></span> <span class='ocrx_word' id='word_1_57' title='bbox 942 1169 1040 1222; x_wconf 90' lang='lat' dir='ltr'><strong>autem</strong></span> <span class='ocrx_word' id='word_1_58' title='bbox 1062 1181 1106 1222; x_wconf 92' lang='lat' dir='ltr'><strong>er·</strong></span> 
     </span>
     <span class='ocr_line' id='line_1_10' title="bbox 232 1260 1107 1338; baseline 0 -16"><span class='ocrx_word' id='word_1_59' title='bbox 232 1280 307 1331; x_wconf 88' lang='lat' dir='ltr'><strong>rore,</strong></span> <span class='ocrx_word' id='word_1_60' title='bbox 340 1265 453 1322; x_wconf 88' lang='lat' dir='ltr'><strong>laetitia</strong></span> <span class='ocrx_word' id='word_1_61' title='bbox 478 1264 607 1338; x_wconf 81' lang='lat' dir='ltr'><strong>gestiens</strong></span> <span class='ocrx_word' id='word_1_62' title='bbox 640 1262 788 1338; x_wconf 86' lang='lat' dir='ltr'><strong>libidoque</strong></span> <span class='ocrx_word' id='word_1_63' title='bbox 815 1267 963 1320; x_wconf 77' lang='lat' dir='ltr'><strong>versetur:</strong></span> <span class='ocrx_word' id='word_1_64' title='bbox 994 1260 1016 1293; x_wconf 77' lang='lat'><strong>‘⁸</strong></span> <span class='ocrx_word' id='word_1_65' title='bbox 1035 1278 1107 1322; x_wconf 89' lang='lat' dir='ltr'><strong>cum</strong></span> 
     </span>
     <span class='ocr_line' id='line_1_11' title="bbox 231 1361 1107 1436; baseline 0 -16"><span class='ocrx_word' id='word_1_66' title='bbox 231 1361 309 1420; x_wconf 79' lang='lat' dir='ltr'><strong>naec</strong></span> <span class='ocrx_word' id='word_1_67' title='bbox 329 1361 428 1420; x_wconf 89' lang='lat' dir='ltr'><strong>omnia</strong></span> <span class='ocrx_word' id='word_1_68' title='bbox 450 1379 518 1420; x_wconf 85' lang='lat' dir='ltr'><strong>enm</strong></span> <span class='ocrx_word' id='word_1_69' title='bbox 543 1361 669 1420; x_wconf 86' lang='lat' dir='ltr'><strong>oonsilio</strong></span> <span class='ocrx_word' id='word_1_70' title='bbox 690 1366 722 1419; x_wconf 88' lang='lat' dir='ltr'><strong>et</strong></span> <span class='ocrx_word' id='word_1_71' title='bbox 743 1362 857 1420; x_wconf 89' lang='lat' dir='ltr'><strong>ratione</strong></span> <span class='ocrx_word' id='word_1_72' title='bbox 881 1367 1028 1436; x_wconf 78' lang='lat' dir='ltr'><strong>pugnent:</strong></span> <span class='ocrx_word' id='word_1_73' title='bbox 1057 1361 1107 1420; x_wconf 88' lang='lat' dir='ltr'><strong>his</strong></span> 
     </span>
     <span class='ocr_line' id='line_1_12' title="bbox 235 1459 1108 1536; baseline -0.003 -14"><span class='ocrx_word' id='word_1_74' title='bbox 235 1464 266 1522; x_wconf 82' lang='lat' dir='ltr'><strong>u</strong></span> <span class='ocrx_word' id='word_1_75' title='bbox 277 1467 337 1520; x_wconf 89' lang='lat' dir='ltr'><strong>tam</strong></span> <span class='ocrx_word' id='word_1_76' title='bbox 351 1461 488 1536; x_wconf 81' lang='lat' dir='ltr'><strong>gravibus</strong></span> <span class='ocrx_word' id='word_1_77' title='bbox 502 1459 759 1530; x_wconf 73' lang='lat' dir='ltr'><strong>concitationibus,</strong></span> <span class='ocrx_word' id='word_1_78' title='bbox 774 1467 891 1536; x_wconf 86' lang='lat' dir='ltr'><strong>tamque</strong></span> <span class='ocrx_word' id='word_1_79' title='bbox 904 1460 974 1533; x_wconf 86' lang='lat' dir='ltr'><strong>ipsis</strong></span> <span class='ocrx_word' id='word_1_80' title='bbox 983 1459 1060 1518; x_wconf 89' lang='lat' dir='ltr'><strong>inter</strong></span> <span class='ocrx_word' id='word_1_81' title='bbox 1074 1477 1108 1519; x_wconf 87' lang='lat' dir='ltr'><strong>se</strong></span> 
     </span>
     <span class='ocr_line' id='line_1_13' title="bbox 165 1545 1108 1638; baseline -0.002 -18"><span class='ocrx_word' id='word_1_82' title='bbox 165 1545 168 1553; x_wconf 47' lang='lat'>¹</span> <span class='ocrx_word' id='word_1_83' title='bbox 233 1551 484 1628; x_wconf 77' lang='lat' dir='ltr'><strong>dissentientibui,</strong></span> <span class='ocrx_word' id='word_1_84' title='bbox 498 1567 585 1638; x_wconf 87' lang='lat' dir='ltr'><strong>atque</strong></span> <span class='ocrx_word' id='word_1_85' title='bbox 603 1561 760 1628; x_wconf 86' lang='lat' dir='ltr'><strong>distractis,</strong></span> <span class='ocrx_word' id='word_1_86' title='bbox 776 1577 862 1634; x_wconf 90' lang='lat' dir='ltr'><strong>quem</strong></span> <span class='ocrx_word' id='word_1_87' title='bbox 877 1576 1010 1630; x_wconf 78' lang='lat' dir='ltr'><strong>vacuum</strong></span> <span class='ocrx_word' id='word_1_88' title='bbox 1030 1561 1108 1618; x_wconf 87' lang='lat' dir='ltr'><strong>rolu-</strong></span> 
     </span>
     <span class='ocr_line' id='line_1_14' title="bbox 233 1655 1106 1728; baseline -0.001 -9"><span class='ocrx_word' id='word_1_89' title='bbox 233 1665 304 1728; x_wconf 93' lang='lat' dir='ltr'><strong>tum,</strong></span> <span class='ocrx_word' id='word_1_90' title='bbox 329 1661 450 1718; x_wconf 89' lang='lat' dir='ltr'><strong>liberum</strong></span> <span class='ocrx_word' id='word_1_91' title='bbox 464 1660 583 1728; x_wconf 89' lang='lat' dir='ltr'><strong>videris,</strong></span> <span class='ocrx_word' id='word_1_92' title='bbox 596 1661 674 1718; x_wconf 88' lang='lat' dir='ltr'><strong>bunc</strong></span> <span class='ocrx_word' id='word_1_93' title='bbox 689 1658 836 1718; x_wconf 79' lang='lat' dir='ltr'><strong>dubitabis</strong></span> <span class='ocrx_word' id='word_1_94' title='bbox 849 1661 968 1718; x_wconf 62' lang='lat' dir='ltr'><strong>matum</strong></span> <span class='ocrx_word' id='word_1_95' title='bbox 981 1655 1106 1718; x_wconf 76' lang='lat' dir='ltr'><strong>dicere?</strong></span> 
     </span>
     <span class='ocr_line' id='line_1_15' title="bbox 232 1757 1105 1834; baseline 0 -16"><span class='ocrx_word' id='word_1_96' title='bbox 232 1760 314 1834; x_wconf 82' lang='lat' dir='ltr'><strong>atqui</strong></span> <span class='ocrx_word' id='word_1_97' title='bbox 339 1760 456 1833; x_wconf 85' lang='lat' dir='ltr'><strong>sapiens</strong></span> <span class='ocrx_word' id='word_1_98' title='bbox 469 1777 584 1832; x_wconf 81' lang='lat' dir='ltr'><strong>semper</strong></span> <span class='ocrx_word' id='word_1_99' title='bbox 602 1757 645 1816; x_wconf 86' lang='lat' dir='ltr'><strong>ila</strong></span> <span class='ocrx_word' id='word_1_100' title='bbox 665 1759 787 1816; x_wconf 71' lang='lat' dir='ltr'><strong>affectius</strong></span> <span class='ocrx_word' id='word_1_101' title='bbox 806 1763 861 1816; x_wconf 87' lang='lat' dir='ltr'><strong>est.</strong></span> <span class='ocrx_word' id='word_1_102' title='bbox 881 1775 997 1831; x_wconf 84' lang='lat' dir='ltr'><strong>semper</strong></span> <span class='ocrx_word' id='word_1_103' title='bbox 1017 1759 1105 1832; x_wconf 79' lang='lat' dir='ltr'><strong>igitur</strong></span> 
     </span>
     <span class='ocr_line' id='line_1_16' title="bbox 233 1855 1104 1932; baseline -0.001 -17"><span class='ocrx_word' id='word_1_104' title='bbox 233 1859 351 1930; x_wconf 85' lang='lat' dir='ltr'><strong>sapiens</strong></span> <span class='ocrx_word' id='word_1_105' title='bbox 381 1860 483 1915; x_wconf 85' lang='lat' dir='ltr'><strong>beetm</strong></span> <span class='ocrx_word' id='word_1_106' title='bbox 517 1862 571 1914; x_wconf 90' lang='lat' dir='ltr'><strong>est.</strong></span> <span class='ocrx_word' id='word_1_107' title='bbox 624 1858 723 1932; x_wconf 85' lang='lat' dir='ltr'><strong>Atque</strong></span> <span class='ocrx_word' id='word_1_108' title='bbox 752 1856 842 1914; x_wconf 84' lang='lat' dir='ltr'><strong>etiam</strong></span> <span class='ocrx_word' id='word_1_109' title='bbox 872 1855 959 1914; x_wconf 82' lang='lat' dir='ltr'><strong>omne</strong></span> <span class='ocrx_word' id='word_1_110' title='bbox 988 1860 1104 1927; x_wconf 90' lang='lat' dir='ltr'><strong>bouum,</strong></span> 
     </span>
     <span class='ocr_line' id='line_1_17' title="bbox 233 1955 1105 2030; baseline -0.002 -14"><span class='ocrx_word' id='word_1_111' title='bbox 233 1957 371 2016; x_wconf 86' lang='lat' dir='ltr'><strong>laetabile</strong></span> <span class='ocrx_word' id='word_1_112' title='bbox 380 1963 440 2014; x_wconf 85' lang='lat' dir='ltr'><strong>est:</strong></span> <span class='ocrx_word' id='word_1_113' title='bbox 461 1958 536 2030; x_wconf 92' lang='lat' dir='ltr'><strong>quod</strong></span> <span class='ocrx_word' id='word_1_114' title='bbox 550 1961 647 2014; x_wconf 87' lang='lat' dir='ltr'><strong>autem</strong></span> <span class='ocrx_word' id='word_1_115' title='bbox 661 1955 809 2025; x_wconf 84' lang='lat' dir='ltr'><strong>laetabile,</strong></span> <span class='ocrx_word' id='word_1_116' title='bbox 822 1956 853 2014; x_wconf 91' lang='lat' dir='ltr'><strong>id</strong></span> <span class='ocrx_word' id='word_1_117' title='bbox 868 1956 1105 2030; x_wconf 81' lang='lat' dir='ltr'><strong>praedicandum,</strong></span> 
     </span>
     <span class='ocr_line' id='line_1_18' title="bbox 230 2055 1106 2130; baseline -0.001 -15"><span class='ocrx_word' id='word_1_118' title='bbox 230 2061 264 2115; x_wconf 84' lang='lat' dir='ltr'><strong>et</strong></span> <span class='ocrx_word' id='word_1_119' title='bbox 279 2073 392 2129; x_wconf 90' lang='lat' dir='ltr'><strong>praese</strong></span> <span class='ocrx_word' id='word_1_120' title='bbox 412 2056 582 2114; x_wconf 82' lang='lat' dir='ltr'><strong>terendum:</strong></span> <span class='ocrx_word' id='word_1_121' title='bbox 602 2057 677 2130; x_wconf 90' lang='lat' dir='ltr'><strong>quod</strong></span> <span class='ocrx_word' id='word_1_122' title='bbox 697 2059 756 2115; x_wconf 86' lang='lat' dir='ltr'><strong>tale</strong></span> <span class='ocrx_word' id='word_1_123' title='bbox 769 2061 876 2121; x_wconf 86' lang='lat' dir='ltr'><strong>autem,</strong></span> <span class='ocrx_word' id='word_1_124' title='bbox 898 2057 928 2113; x_wconf 93' lang='lat' dir='ltr'><strong>id</strong></span> <span class='ocrx_word' id='word_1_125' title='bbox 942 2055 1032 2114; x_wconf 86' lang='lat' dir='ltr'><strong>etiam</strong></span> <span class='ocrx_word' id='word_1_126' title='bbox 1046 2058 1106 2130; x_wconf 83' lang='lat' dir='ltr'><strong>glo·</strong></span> 
     </span>
     <span class='ocr_line' id='line_1_19' title="bbox 232 2155 1106 2231; baseline 0 -17"><span class='ocrx_word' id='word_1_127' title='bbox 232 2155 350 2214; x_wconf 73' lang='lat' dir='ltr'><strong>mosum.</strong></span> <span class='ocrx_word' id='word_1_128' title='bbox 377 2155 403 2212; x_wconf 90' lang='lat' dir='ltr'><strong>si</strong></span> <span class='ocrx_word' id='word_1_129' title='bbox 428 2172 498 2212; x_wconf 87' lang='lat' dir='ltr'><strong>vero</strong></span> <span class='ocrx_word' id='word_1_130' title='bbox 520 2155 688 2230; x_wconf 84' lang='lat' dir='ltr'><strong>gloriosum,</strong></span> <span class='ocrx_word' id='word_1_131' title='bbox 721 2160 802 2214; x_wconf 87' lang='lat' dir='ltr'><strong>certe</strong></span> <span class='ocrx_word' id='word_1_132' title='bbox 830 2155 991 2214; x_wconf 87' lang='lat' dir='ltr'><strong>laudabile:</strong></span> <span class='ocrx_word' id='word_1_133' title='bbox 1028 2155 1106 2231; x_wconf 88' lang='lat' dir='ltr'><strong>quod</strong></span> 
     </span>
     <span class='ocr_line' id='line_1_20' title="bbox 233 2254 1102 2329; baseline -0.001 -16"><span class='ocrx_word' id='word_1_134' title='bbox 233 2261 330 2313; x_wconf 91' lang='lat' dir='ltr'><strong>autem</strong></span> <span class='ocrx_word' id='word_1_135' title='bbox 359 2254 514 2324; x_wconf 79' lang='lat' dir='ltr'><strong>laudabile,</strong></span> <span class='ocrx_word' id='word_1_136' title='bbox 541 2255 671 2328; x_wconf 86' lang='lat' dir='ltr'><strong>prolecto</strong></span> <span class='ocrx_word' id='word_1_137' title='bbox 692 2255 785 2312; x_wconf 88' lang='lat' dir='ltr'><strong>etiam</strong></span> <span class='ocrx_word' id='word_1_138' title='bbox 811 2255 985 2316; x_wconf 85' lang='lat' dir='ltr'><strong>honestum:</strong></span> <span class='ocrx_word' id='word_1_139' title='bbox 1024 2255 1102 2329; x_wconf 90' lang='lat' dir='ltr'><strong>quod</strong></span> 
     </span>
     <span class='ocr_line' id='line_1_21' title="bbox 232 2353 1106 2430; baseline -0.005 -16"><span class='ocrx_word' id='word_1_140' title='bbox 232 2355 342 2414; x_wconf 84' lang='lat' dir='ltr'><strong>bonum</strong></span> <span class='ocrx_word' id='word_1_141' title='bbox 368 2353 462 2430; x_wconf 83' lang='lat' dir='ltr'><strong>igitur,</strong></span> <span class='ocrx_word' id='word_1_142' title='bbox 491 2354 521 2412; x_wconf 93' lang='lat' dir='ltr'><strong>id</strong></span> <span class='ocrx_word' id='word_1_143' title='bbox 550 2356 711 2412; x_wconf 86' lang='lat' dir='ltr'><strong>honestum.</strong></span> <span class='ocrx_word' id='word_1_144' title='bbox 768 2355 812 2412; x_wconf 81' lang='lat' dir='ltr'><strong>At</strong></span> <span class='ocrx_word' id='word_1_145' title='bbox 840 2371 915 2427; x_wconf 91' lang='lat' dir='ltr'><strong>quae</strong></span> <span class='ocrx_word' id='word_1_146' title='bbox 950 2353 1000 2412; x_wconf 88' lang='lat' dir='ltr'><strong>isti</strong></span> <span class='ocrx_word' id='word_1_147' title='bbox 1028 2355 1106 2410; x_wconf 86' lang='lat' dir='ltr'><strong>bona</strong></span> 
     </span>
     <span class='ocr_line' id='line_1_22' title="bbox 233 2454 1105 2530; baseline -0.002 -18"><span class='ocrx_word' id='word_1_148' title='bbox 233 2459 396 2522; x_wconf 83' lang='lat' dir='ltr'><strong>numerant,</strong></span> <span class='ocrx_word' id='word_1_149' title='bbox 433 2473 471 2513; x_wconf 92' lang='lat' dir='ltr'><strong>ne</strong></span> <span class='ocrx_word' id='word_1_150' title='bbox 495 2455 551 2529; x_wconf 87' lang='lat' dir='ltr'><strong>ipsi</strong></span> <span class='ocrx_word' id='word_1_151' title='bbox 579 2455 696 2530; x_wconf 91' lang='lat' dir='ltr'><strong>quidem</strong></span> <span class='ocrx_word' id='word_1_152' title='bbox 716 2454 839 2512; x_wconf 87' lang='lat' dir='ltr'><strong>honesta</strong></span> <span class='ocrx_word' id='word_1_153' title='bbox 870 2455 980 2512; x_wconf 84' lang='lat' dir='ltr'><strong>dicunt</strong></span> <span class='ocrx_word' id='word_1_154' title='bbox 1010 2455 1105 2510; x_wconf 87' lang='lat' dir='ltr'><strong>solum</strong></span> 
     </span>
     <span class='ocr_line' id='line_1_23' title="bbox 232 2550 1107 2630; baseline -0.002 -20"><span class='ocrx_word' id='word_1_155' title='bbox 232 2550 321 2626; x_wconf 81' lang='lat' dir='ltr'><strong>igitur</strong></span> <span class='ocrx_word' id='word_1_156' title='bbox 335 2555 450 2622; x_wconf 90' lang='lat' dir='ltr'><strong>bonum,</strong></span> <span class='ocrx_word' id='word_1_157' title='bbox 464 2557 539 2630; x_wconf 88' lang='lat' dir='ltr'><strong>quod</strong></span> <span class='ocrx_word' id='word_1_158' title='bbox 554 2556 717 2614; x_wconf 87' lang='lat' dir='ltr'><strong>honestum.</strong></span> <span class='ocrx_word' id='word_1_159' title='bbox 733 2571 772 2612; x_wconf 84' lang='lat' dir='ltr'><strong>ex</strong></span> <span class='ocrx_word' id='word_1_160' title='bbox 791 2569 848 2629; x_wconf 88' lang='lat' dir='ltr'><strong>quo</strong></span> <span class='ocrx_word' id='word_1_161' title='bbox 870 2553 1003 2619; x_wconf 88' lang='lat' dir='ltr'><strong>efficitur,</strong></span> <span class='ocrx_word' id='word_1_162' title='bbox 1017 2553 1107 2610; x_wconf 90' lang='lat' dir='ltr'><strong>houe-</strong></span> 
     </span>
     <span class='ocr_line' id='line_1_24' title="bbox 231 2650 1106 2725; baseline -0.005 -16"><span class='ocrx_word' id='word_1_163' title='bbox 231 2655 309 2709; x_wconf 84' lang='lat' dir='ltr'><strong>state</strong></span> <span class='ocrx_word' id='word_1_164' title='bbox 325 2671 381 2710; x_wconf 90' lang='lat' dir='ltr'><strong>una</strong></span> <span class='ocrx_word' id='word_1_165' title='bbox 397 2654 489 2710; x_wconf 86' lang='lat' dir='ltr'><strong>vitam</strong></span> <span class='ocrx_word' id='word_1_166' title='bbox 510 2652 656 2710; x_wconf 74' lang='lat' dir='ltr'><strong>contineri</strong></span> <span class='ocrx_word' id='word_1_167' title='bbox 680 2653 805 2710; x_wconf 81' lang='lat' dir='ltr'><strong>beatam</strong></span> <span class='ocrx_word' id='word_1_168' title='bbox 846 2653 916 2710; x_wconf 91' lang='lat' dir='ltr'><strong>Nou</strong></span> <span class='ocrx_word' id='word_1_169' title='bbox 937 2658 1003 2710; x_wconf 89' lang='lat' dir='ltr'><strong>suut</strong></span> <span class='ocrx_word' id='word_1_170' title='bbox 1017 2650 1106 2725; x_wconf 84' lang='lat' dir='ltr'><strong>igitur</strong></span> 
     </span>
     <span class='ocr_line' id='line_1_25' title="bbox 231 2751 1105 2826; baseline -0.008 -14"><span class='ocrx_word' id='word_1_171' title='bbox 231 2769 269 2812; x_wconf 84' lang='lat' dir='ltr'><strong>ea</strong></span> <span class='ocrx_word' id='word_1_172' title='bbox 284 2754 360 2809; x_wconf 88' lang='lat' dir='ltr'><strong>bona</strong></span> <span class='ocrx_word' id='word_1_173' title='bbox 382 2752 518 2819; x_wconf 87' lang='lat' dir='ltr'><strong>dicenda,</strong></span> <span class='ocrx_word' id='word_1_174' title='bbox 538 2769 594 2809; x_wconf 85' lang='lat' dir='ltr'><strong>nec</strong></span> <span class='ocrx_word' id='word_1_175' title='bbox 617 2752 760 2819; x_wconf 88' lang='lat' dir='ltr'><strong>habenda,</strong></span> <span class='ocrx_word' id='word_1_176' title='bbox 782 2751 884 2826; x_wconf 90' lang='lat' dir='ltr'><strong>quibus</strong></span> <span class='ocrx_word' id='word_1_177' title='bbox 906 2751 1105 2809; x_wconf 81' lang='lat' dir='ltr'><strong>abundantem</strong></span> 
     </span>
     <span class='ocr_line' id='line_1_26' title="bbox 233 2849 1104 2924; baseline -0.006 -15"><span class='ocrx_word' id='word_1_178' title='bbox 233 2849 303 2909; x_wconf 84' lang='lat' dir='ltr'><strong>licet</strong></span> <span class='ocrx_word' id='word_1_179' title='bbox 319 2869 383 2908; x_wconf 85' lang='lat' dir='ltr'><strong>esse</strong></span> <span class='ocrx_word' id='word_1_180' title='bbox 403 2851 602 2908; x_wconf 82' lang='lat' dir='ltr'><strong>miserrimum.</strong></span> <span class='ocrx_word' id='word_1_181' title='bbox 646 2852 696 2910; x_wconf 88' lang='lat' dir='ltr'><strong>Au</strong></span> <span class='ocrx_word' id='word_1_182' title='bbox 718 2851 842 2918; x_wconf 88' lang='lat' dir='ltr'><strong>dubitas,</strong></span> <span class='ocrx_word' id='word_1_183' title='bbox 857 2849 928 2924; x_wconf 88' lang='lat' dir='ltr'><strong>quin</strong></span> <span class='ocrx_word' id='word_1_184' title='bbox 954 2855 1104 2922; x_wconf 85' lang='lat' dir='ltr'><strong>praestans</strong></span> 
     </span>
     <span class='ocr_line' id='line_1_27' title="bbox 232 2947 1103 3023; baseline -0.002 -16"><span class='ocrx_word' id='word_1_185' title='bbox 232 2949 406 3016; x_wconf 84' lang='lat' dir='ltr'><strong>valitudine,</strong></span> <span class='ocrx_word' id='word_1_186' title='bbox 429 2950 548 3017; x_wconf 89' lang='lat' dir='ltr'><strong>viribus,</strong></span> <span class='ocrx_word' id='word_1_187' title='bbox 562 2949 661 3018; x_wconf 82' lang='lat' dir='ltr'><strong>forms,</strong></span> <span class='ocrx_word' id='word_1_188' title='bbox 685 2950 833 3007; x_wconf 81' lang='lat' dir='ltr'><strong>acerrimis</strong></span> <span class='ocrx_word' id='word_1_189' title='bbox 853 2947 1103 3023; x_wconf 86' lang='lat' dir='ltr'><strong>integerrimisque</strong></span> 
     </span>
     <span class='ocr_line' id='line_1_28' title="bbox 232 3048 1105 3120; baseline -0.002 -14"><span class='ocrx_word' id='word_1_190' title='bbox 232 3049 373 3114; x_wconf 85' lang='lat' dir='ltr'><strong>sensibus,</strong></span> <span class='ocrx_word' id='word_1_191' title='bbox 387 3049 461 3105; x_wconf 87' lang='lat' dir='ltr'><strong>adde</strong></span> <span class='ocrx_word' id='word_1_192' title='bbox 475 3048 574 3116; x_wconf 84' lang='lat' dir='ltr'><strong>eliam,</strong></span> <span class='ocrx_word' id='word_1_193' title='bbox 588 3048 614 3103; x_wconf 92' lang='lat' dir='ltr'><strong>si</strong></span> <span class='ocrx_word' id='word_1_194' title='bbox 635 3049 715 3115; x_wconf 87' lang='lat' dir='ltr'><strong>libet,</strong></span> <span class='ocrx_word' id='word_1_195' title='bbox 737 3050 949 3120; x_wconf 83' lang='lat' dir='ltr'><strong>pernicitatem,</strong></span> <span class='ocrx_word' id='word_1_196' title='bbox 970 3053 1001 3104; x_wconf 89' lang='lat' dir='ltr'><strong>et</strong></span> <span class='ocrx_word' id='word_1_197' title='bbox 1025 3048 1105 3104; x_wconf 86' lang='lat' dir='ltr'><strong>velo·</strong></span> 
     </span>
     <span class='ocr_line' id='line_1_29' title="bbox 232 3146 1106 3221; baseline -0.007 -15"><span class='ocrx_word' id='word_1_198' title='bbox 232 3147 362 3214; x_wconf 83' lang='lat' dir='ltr'><strong>citatem,</strong></span> <span class='ocrx_word' id='word_1_199' title='bbox 384 3148 420 3203; x_wconf 89' lang='lat' dir='ltr'><strong>da</strong></span> <span class='ocrx_word' id='word_1_200' title='bbox 435 3146 564 3211; x_wconf 86' lang='lat' dir='ltr'><strong>divilias,</strong></span> <span class='ocrx_word' id='word_1_201' title='bbox 578 3146 712 3214; x_wconf 89' lang='lat' dir='ltr'><strong>honores,</strong></span> <span class='ocrx_word' id='word_1_202' title='bbox 725 3147 855 3219; x_wconf 87' lang='lat' dir='ltr'><strong>imperia,</strong></span> <span class='ocrx_word' id='word_1_203' title='bbox 871 3164 952 3220; x_wconf 86' lang='lat' dir='ltr'><strong>opes,</strong></span> <span class='ocrx_word' id='word_1_204' title='bbox 965 3146 1106 3221; x_wconf 83' lang='lat' dir='ltr'><strong>gloriam:</strong></span> 
     </span>
     <span class='ocr_line' id='line_1_30' title="bbox 146 3243 1104 3320; baseline -0.004 -17"><span class='ocrx_word' id='word_1_205' title='bbox 146 3283 157 3294; x_wconf 78' lang='grc'><strong>-</strong></span> <span class='ocrx_word' id='word_1_206' title='bbox 232 3243 422 3312; x_wconf 85' lang='lat' dir='ltr'><strong>silueritis,</strong></span> <span class='ocrx_word' id='word_1_207' title='bbox 446 3245 494 3320; x_wconf 91' lang='lat' dir='ltr'><strong>qui</strong></span> <span class='ocrx_word' id='word_1_208' title='bbox 518 3245 591 3301; x_wconf 85' lang='lat' dir='ltr'><strong>haee</strong></span> <span class='ocrx_word' id='word_1_209' title='bbox 617 3245 713 3314; x_wconf 82' lang='lat' dir='ltr'><strong>lrahet,</strong></span> <span class='ocrx_word' id='word_1_210' title='bbox 735 3245 868 3320; x_wconf 88' lang='lat' dir='ltr'><strong>injustus,</strong></span> <span class='ocrx_word' id='word_1_211' title='bbox 895 3247 1104 3318; x_wconf 85' lang='lat' dir='ltr'><strong>intemperans,</strong></span> 
     </span>
     <span class='ocr_line' id='line_1_31' title="bbox 233 3342 1103 3420; baseline -0.005 -18"><span class='ocrx_word' id='word_1_212' title='bbox 233 3345 360 3412; x_wconf 87' lang='lat' dir='ltr'><strong>timidus,</strong></span> <span class='ocrx_word' id='word_1_213' title='bbox 387 3345 485 3402; x_wconf 91' lang='lat' dir='ltr'><strong>hebeti</strong></span> <span class='ocrx_word' id='word_1_214' title='bbox 513 3345 642 3418; x_wconf 85' lang='lat' dir='ltr'><strong>iugenio,</strong></span> <span class='ocrx_word' id='word_1_215' title='bbox 669 3350 755 3420; x_wconf 88' lang='lat' dir='ltr'><strong>atque</strong></span> <span class='ocrx_word' id='word_1_216' title='bbox 783 3347 885 3402; x_wconf 86' lang='lat' dir='ltr'><strong>nullo:</strong></span> <span class='ocrx_word' id='word_1_217' title='bbox 919 3342 1103 3402; x_wconf 82' lang='lat' dir='ltr'><strong>dubitabisne</strong></span> 
     </span>
    </p>
   </div>
   <div class='ocr_carea' id='block_1_3' title="bbox 234 3493 1104 3616">
    <p class='ocr_par' dir='ltr' id='par_1_3' title="bbox 234 3493 1104 3616">
     <span class='ocr_line' id='line_1_32' title="bbox 263 3493 1104 3560; baseline 0.002 -18"><span class='ocrx_word' id='word_1_218' title='bbox 263 3496 285 3529; x_wconf 80' lang='lat'><strong>⁴⁸</strong></span> <span class='ocrx_word' id='word_1_219' title='bbox 300 3511 349 3544; x_wconf 86' lang='lat' dir='ltr'><strong>rum</strong></span> <span class='ocrx_word' id='word_1_220' title='bbox 360 3497 411 3543; x_wconf 82' lang='lat' dir='ltr'><strong>laer</strong></span> <span class='ocrx_word' id='word_1_221' title='bbox 426 3500 509 3560; x_wconf 81' lang='lat' dir='ltr'><strong>omnio]</strong></span> <span class='ocrx_word' id='word_1_222' title='bbox 526 3499 603 3549; x_wconf 87' lang='lat' dir='ltr'><strong>addidi</strong></span> <span class='ocrx_word' id='word_1_223' title='bbox 612 3499 744 3550; x_wconf 73' lang='lat' dir='ltr'><strong>torrebis.</strong></span> <span class='ocrx_word' id='word_1_224' title='bbox 758 3499 832 3548; x_wconf 81' lang='lat' dir='ltr'><strong>duell.</strong></span> <span class='ocrx_word' id='word_1_225' title='bbox 863 3499 901 3547; x_wconf 78' lang='lat' dir='ltr'><strong>Sir</strong></span> <span class='ocrx_word' id='word_1_226' title='bbox 919 3501 943 3546; x_wconf 90' lang='lat' dir='ltr'><strong>et</strong></span> <span class='ocrx_word' id='word_1_227' title='bbox 958 3495 1066 3550; x_wconf 82' lang='lat' dir='ltr'><strong>Davisius</strong></span> <span class='ocrx_word' id='word_1_228' title='bbox 1079 3493 1104 3542; x_wconf 89' lang='lat' dir='ltr'><strong>iu</strong></span> 
     </span>
     <span class='ocr_line' id='line_1_33' title="bbox 234 3552 544 3616; baseline 0.01 -12"><span class='ocrx_word' id='word_1_229' title='bbox 234 3552 269 3604; x_wconf 61' lang='grc' dir='ltr'><strong>εἰ</strong></span> <span class='ocrx_word' id='word_1_230' title='bbox 284 3559 302 3603; x_wconf 90' lang='lat' dir='ltr'><strong>l.</strong></span> <span class='ocrx_word' id='word_1_231' title='bbox 316 3556 417 3616; x_wconf 82' lang='lat' dir='ltr'><strong>aliaeque</strong></span> <span class='ocrx_word' id='word_1_232' title='bbox 426 3559 476 3606; x_wconf 86' lang='lat' dir='ltr'><strong>edd.</strong></span> <span class='ocrx_word' id='word_1_233' title='bbox 488 3561 544 3608; x_wconf 80' lang='lat' dir='ltr'><strong>vett.</strong></span> 
     </span>
    </p>
   </div>
   <div class='ocr_carea' id='block_1_4' title="bbox 0 0 1278 4208">
    <p class='ocr_par' dir='ltr' id='par_1_4' title="bbox 0 0 1278 4208">
     <span class='ocr_line' id='line_1_34' title="bbox 0 0 1278 4208; baseline 0 0"><span class='ocrx_word' id='word_1_234' title='bbox 0 0 1278 4208; x_wconf 95' lang='lat' dir='ltr'><strong> </strong></span> 
     </span>
    </p>
   </div>
  </div>
 </body>
</html>
