2558 4198
465 318 565 369 muna
587 317 720 368 surmus.
962 325 1025 386 309

155 470 308 530 suetudine
322 467 564 542 imbutis-petere
580 466 776 528 testimoninm
789 466 923 525 veritalis
938 465 950 526 l
969 467 1026 526 isto

156 571 238 628 enirn
250 571 336 628 modo
356 569 457 626 dicere
472 567 591 636 licebii,
603 569 713 625 lovem
734 584 848 640 semper
867 568 1032 637 barbelum,

155 669 328 753 Apollinem
353 647 469 740 semper
481 667 651 734 imberbem,
665 667 779 725 caesios
793 668 894 724 oeulos
919 666 1028 725 Miner-

155 769 395 833 vne‚*caeruleos
418 783 484 822 esse
510 765 652 839 Neptuni.
693 765 733 824 ut
757 766 874 840 quidem
899 766 1029 824 Athenis

152 869 302 924 laudamus
317 866 487 923 Vulcanum
516 883 592 933 eum,
620 883 706 940 quem
734 865 807 922 iecit
827 866 1026 922 Alcamenes:

155 966 186 1022 in
198 982 255 1038 quo
276 971 381 1032 stante,
395 972 482 1040 alque
497 965 615 1032 ventilo,
630 965 736 1022 leviter
750 967 870 1037 apparet
883 962 1028 1020 claudica-

156 1064 198 1122 iio
213 1081 271 1120 non
293 1064 436 1122 deformis.
480 1063 625 1122 Claudum
639 1063 728 1138 igilur
748 1062 918 1120 habebimus
932 1063 1028 1128 deum,

155 1163 291 1238 quoniam
315 1164 352 1218 dc
366 1163 505 1219 Vulcano
525 1163 569 1220 sic
583 1162 761 1235 accepimus.
801 1159 898 1236 ¹¹Age
925 1166 955 1218 et
971 1160 1029 1218 *his

156 1260 307 1318 vocabulis
321 1263 392 1318 deos
407 1279 471 1317 esse
494 1261 643 1329 iaciemus,
667 1261 769 1335 quibus
791 1278 809 1318 a
834 1261 918 1318 nobis
937 1260 1029 1318 nomi·
1059 1285 1066 1302 ¹

117 1429 118 1432 Ἴ
154 1366 267 1418 uantur.
314 1360 355 1418 At
371 1359 494 1432 primum
516 1359 748 1434 quulhouninunr
762 1359 889 1434 linguae,
912 1364 955 1417 lot
978 1375 1029 1416 non
1086 1402 1089 1408 .

155 1460 235 1518 mina
245 1461 375 1516 deorum.
417 1458 446 1513 N
448 1475 487 1516 nn
499 1457 577 1516 enim
591 1463 668 1516 ullu
688 1459 832 1525 Velleius,
848 1475 1028 1532 quocumque

156 1557 283 1624 veneris,
297 1559 340 1613 sic
359 1556 438 1614 idern
453 1556 485 1613 in
499 1557 587 1614 llnlia
601 1557 765 1624 Vulcanus,
778 1557 855 1614 idem
870 1557 901 1612 in
918 1555 1029 1623 Africa,

154 1655 233 1714 idem
259 1657 290 1712 in
314 1655 471 1729 Hispania.
513 1655 632 1713 Deinde
646 1655 798 1714 nominum
821 1671 881 1711 non
907 1669 1030 1726 magnus

155 1767 300 1823 numerus,
325 1773 363 1812 ne
387 1755 418 1813 in
444 1753 600 1829 pontificiis
628 1755 747 1830 quidem
771 1754 889 1812 nostris:
910 1755 1029 1811 deornm

155 1859 253 1912 nutem
287 1853 519 1912 innumerabilis.
562 1856 613 1913 An
640 1855 705 1912 sine
723 1899 725 1904 .
740 1854 904 1914 nominibus
938 1850 1029 1912 suut?

154 1951 232 2010 islud
248 1953 365 2026 quidem
379 1954 421 2012 ila
442 1953 538 2010 vobis.
551 1954 650 2011 dicere
665 1971 785 2026 necesse
799 1961 852 2012 est.
867 1952 936 2029 quid
949 1951 1029 2010 enirn

47 2075 50 2082 ¹
154 2051 272 2119 attinet,
285 2068 352 2108 curn
368 2069 424 2108 una
438 2053 529 2108 iacies
542 2053 589 2118 sit,
604 2055 686 2124 plurs
700 2071 764 2108 esse
778 2053 897 2108 nominc
911 2050 923 2109 l
943 2068 1030 2128 quam

153 2149 263 2208 bellum
289 2155 362 2217 erat,
386 2149 497 2217 Vellei,
525 2151 658 2206 conlileri
682 2150 786 2224 potius,
807 2151 930 2220 nescire,
953 2153 1029 2226 quod

154 2247 295 2316 nescires,
308 2265 395 2322 quam
411 2248 466 2304 isla
480 2247 662 2306 effurienlem
688 2265 838 2318 nauseare,
852 2255 938 2324 alque
957 2249 978 2282 ¹²
988 2250 1030 2325 ip·

152 2365 218 2406 sum
238 2345 291 2403 libi
307 2343 485 2418 displicere?
528 2348 569 2404 At
591 2353 621 2404 tu
637 2347 695 2404 mei
710 2346 835 2404 similem
851 2354 933 2420 putas
955 2367 1029 2419 esse,

155 2449 206 2502 sut
229 2445 271 2502 lui
285 2441 395 2501 deum?
416 2443 546 2516 proiecto
561 2463 619 2503 non
646 2450 749 2518 pules
780 2446 859 2517 Quid
873 2445 965 2520 ergo?
986 2465 1030 2505 sc·

155 2541 356 2611 lem„dicam,
383 2547 433 2600 aul
464 2543 571 2612 lunam,
596 2549 646 2601 aut
673 2546 797 2611 caelum,
824 2541 934 2601 deum?
960 2563 1031 2620 ergo

157 2641 249 2701 sliam
263 2639 401 2700 beatum?
420 2641 522 2717 quibus
535 2643 677 2702 fruentem
693 2640 916 2718 voluptatibus?
936 2648 965 2701 et
985 2659 1031 2702 sa·

154 2739 307 2818 pienlem?
348 2741 407 2813 Qui
442 2745 539 2815 polest
571 2759 635 2799 csse
670 2741 690 2774 ¹³
702 2741 732 2800 in
760 2741 901 2817 ejusmodi
926 2747 1028 2799 trunco

157 2837 327 2915 rapientia?
369 2841 452 2896 Haec
468 2843 647 2897 vesiresunl.
666 2873 667 2880 κ
690 2841 723 2898 Si
736 2841 823 2916 igilur
836 2857 891 2898 nec
903 2841 1029 2898 humano

155 2939 233 3007 visu,
255 2940 332 3014 quod
352 2937 456 3009 docui3
477 2956 533 2996 nec
549 2939 600 2998 lali
616 2939 721 3015 aliquo,
744 2941 820 3015 quud
845 2940 898 2998 libi
914 2957 1027 3013 persua-

158 3055 223 3098 sum
235 3044 298 3096 est:
322 3037 390 3113 quid
404 3037 518 3096 dubilas
533 3055 649 3116 negare,
664 3037 827 3099 dccsssse?
848 3039 916 3097 Non
927 3041 1025 3102 audes..

154 3181 158 3193 ι
188 3214 207 3248 ¹¹
222 3211 346 3272 Agedum
360 3226 381 3258 υ.
400 3212 450 3260 ders
466 3213 638 3274 suescimus]
669 3212 819 3262 vallerariur
835 3212 863 3260 ad
883 3213 993 3261 llerodot.
1022 3250 1028 3262 .

158 3271 489 3379 2³1³,¹,{mbg,{⁰“i³sts“d⁰m²⁴’'
502 3273 566 3331 bene,
586 3273 672 3334 opinor.
694 3272 726 3356 sic
745 3275 769 3318 ei
783 3271 890 3320 Manutio
904 3277 929 3319 el
948 3273 1004 3320 Lam
1022 3309 1028 3322 .

188 3411 209 3444 ¹²
224 3411 297 3468 ipmm
307 3411 348 3458 lidi
357 3410 481 3470 displicere]
498 3411 555 3458 bene
566 3408 670 3458 Davisius
680 3423 722 3471 pro
731 3408 775 3458 ridi
790 3409 852 3460 dedit
863 3409 904 3458 llll
913 3430 920 3459 r
936 3423 986 3462 unul
995 3413 1031 3464 dli

161 3483 233 3516 rerrno
240 3471 269 3516 de
279 3469 378 3528 Velleio,
389 3485 432 3517 non
440 3471 469 3516 de
480 3469 604 3516 horninibus
615 3468 645 3516 irn
655 3481 743 3529 genere.

191 3548 212 3584 u
224 3547 463 3612 erumnarum]
480 3559 501 3596 v.
511 3547 578 3628 plur.
617 3547 620 3554 ’
