2558 4198
481 290 580 348 musa
598 293 778 346 SECUNDUS.
978 293 1040 360 361

170 455 251 514 loeus
265 467 284 510 a
300 449 423 510 Zenone
438 451 588 516 tranimur,
603 450 707 522 penta
732 441 887 510 Cleanthe,
900 447 932 502 et
951 441 1046 520 Chry·

172 554 266 626 sippn‚
286 549 414 624 pluribus
444 547 543 606 verbis
572 545 736 620 explicatus
758 549 813 604 est.
863 545 942 602 Nam
962 551 1048 602 vetus

172 654 247 712 haee
275 648 376 723 opinio
402 647 560 706 (inueniam
579 646 723 720 opplevit,
746 649 901 704 exsectum
922 643 1048 702 (ioelum

170 752 265 812 atilio
281 750 417 814 Saturno,
443 747 577 806 vinetum
602 750 700 805 autem
726 746 884 804 Saturnum
907 743 1002 818 ipsum
1026 759 1047 800 a

173 849 336 917 filielnve.
378 845 508 922 Physica
531 847 606 906 ratio
620 865 678 905 nnn
698 846 850 920 inelegans
875 844 987 902 inetnsn
1002 845 1048 904 esi
1148 918 1151 924 ἱ

174 948 206 1006 in
221 948 324 1021 impias
339 949 456 1006 tabulas.
477 949 638 1014 coelestem
657 948 747 1012 enim,
762 945 933 1003 altissimam
948 944 1047 1000 nethe-

175 1065 311 1122 reamque
338 1053 478 1116 naturem,
505 1048 536 1106 iu
563 1053 617 1126 est,
646 1048 772 1122 igneam,
799 1063 873 1120 quae
902 1062 953 1118 per
980 1058 1065 1135 sese.

174 1149 274 1208 omnis
294 1149 438 1222 gigneret,
453 1166 559 1210 vnnure
582 1150 735 1206 voluerunt
756 1163 793 1204 ea
807 1149 887 1218 parte
907 1138 1065 1217 eorporis,'

175 1266 249 1324 quae
273 1247 483 1321 conjunctione
508 1249 627 1305 alterius
647 1254 745 1320 egeret
767 1247 804 1303 nd
826 1246 1045 1318 procreantium.

175 1330 331 1406 Saturnum
347 1355 453 1413 antem,
468 1364 533 1403 eum
547 1365 612 1404 esse
633 1348 794 1412 voluerunt,
808 1345 857 1420 qui
877 1362 1002 1410 nuruum,
1016 1349 1046 1402 et
1056 1337 1096 1398 2⁵

95 1477 97 1481 ·
173 1446 398 1506 conversionem
421 1445 589 1517 spatiorum,
611 1463 647 1502 ee
675 1451 836 1516 temporum
871 1445 1047 1512 contineret,

174 1546 224 1622 qui
242 1547 313 1602 deus
328 1545 443 1602 Graece
457 1544 487 1601 id
501 1543 593 1616 ipsum
610 1562 714 1600 nomen
731 1531 825 1601 hatrat.
866 1526 953 1623 xennia
968 1542 1048 1600 enim

172 1645 296 1715 (licitum
317 1647 365 1722 qui
380 1653 424 1702 est
439 1644 516 1702 idem
530 1667 625 1722 χςοκς,
642 1645 669 1700 in
684 1650 738 1711 est,
752 1643 876 1714 spatium
898 1643 1047 1716 temperis.

176 1742 318 1804 Saturnus
332 1752 429 1803 eutem
444 1751 488 1802 est
512 1753 684 1818 appellatus,
698 1746 773 1820 qunti
788 1751 931 1802 saturetur
951 1743 1046 1801 annis.

175 1844 270 1902 exse
301 1846 379 1902 enim
416 1853 501 1902 natos
520 1861 652 1901 comesse
686 1845 803 1920 lingitur
832 1845 944 1913 solitus,
979 1844 1047 1918 quir

174 1945 320 2004 consumit
335 1942 416 2002 aetas
431 1951 591 2018 temporum
605 1944 709 2021 spatia,
728 1944 869 2020 annisque
883 1944 1047 2019 praeteritis

171 2044 401 2103 insaturabiliter
413 2049 556 2120 expletur.
598 2045 725 2103 Vinctus
739 2054 782 2103 est
798 2052 895 2102 antem
916 2063 932 2101 a
957 2045 1047 2112 Jove.

173 2161 212 2204 ue
227 2143 430 2202 immoderatos
445 2162 544 2224 cursus
561 2147 688 2214 haberet,
702 2154 788 2222 atque
798 2154 827 2204 ut
839 2163 905 2202 eum
919 2143 1047 2204 siderum

174 2244 283 2300 vinclis
307 2245 449 2318 alligaret.
490 2245 552 2302 Sed
575 2245 637 2320 ipse
657 2247 782 2320 Jupiter,
802 2247 832 2304 id
860 2255 914 2314 est,
937 2245 1049 2322 jannae

171 2348 263 2417 parer,
276 2359 362 2414 quem
380 2339 400 2372 ⁷⁴
411 2343 563 2398 conversis
587 2343 702 2400 nasibus
722 2348 901 2416 appellamus
915 2345 1047 2418 ejuran-

176 2439 216 2496 du
229 2439 346 2496 lovem.
362 2437 485 2510 apolitis
500 2450 582 2512 pater
605 2435 763 2516 divilmque
778 2443 981 2516 hominumque
1005 2443 1048 2502 ai-

175 2537 273 2595 eitur:
295 2535 481 2609 amajnribus
505 2544 601 2594 autem
617 2539 721 2597 nostris
743 2539 870 2614 optimus
885 2542 1047 2614 maximum
1151 2565 1153 2572 ·

177 2635 347 2711 etquidem
371 2640 440 2692 ante
467 2637 603 2710 optimus,
619 2637 648 2695 iu
676 2645 730 2704 est,
758 2639 1048 2706 beneficentissimus,

176 2751 263 2812 quum
278 2735 430 2804 maximus,
443 2735 510 2812 quia
525 2736 616 2810 majus
630 2745 684 2822 est,
698 2744 834 2814 certeque
854 2739 972 2816 gratius,
987 2757 1049 2814 pro·

179 2835 263 2893 (lesse
284 2836 428 2902 omnibus,
448 2853 534 2911 quam
560 2855 631 2910 opes
655 2855 774 2910 magnas
802 2839 918 2896 habere.
961 2839 1048 2898 Hune

176 2933 265 3010 igitur
279 2935 402 3002 Ennius,
415 2941 445 2992 ut
460 2935 628 3009 supradixi,
642 2942 789 3011 nuncupat
803 2936 843 2995 ita
857 2936 970 3008 dinem,

237 3088 337 3150 Adspice
347 3088 389 3136 hon
398 3087 492 3136 sublime
501 3091 678 3154 ennumquam
689 3091 793 3141 invocent
808 3105 885 3142 onnes
900 3093 988 3142 loven.

178 3229 355 3318 i'lnniusqne
369 3230 428 3291 aito
442 3234 508 3290 loen
521 3223 610 3302 idem,
647 3294 649 3302 ,

60 3491 70 3498 .
179 3413 356 3523 ”Respiciens
365 3415 459 3478 maius]
476 3415 510 3476 iis,
521 3428 576 3480 quas
595 3417 635 3466 nes
654 3419 723 3480 vulgo
742 3417 844 3482 obliquos
861 3419 1046 3482 dicimur‚Geuit

220 3571 289 3614 rou·
304 3573 355 3617 xv.
570 3550 610 3616 'ul
