2538 4188
500 257 764 308 uruaauuaurus.
1004 262 1068 324 435

196 425 312 478 canum,
344 407 532 475 Mercurium,
559 414 683 474 ceteros,
710 407 780 463 deca
804 423 869 464 erae
894 406 995 464 elices:
1030 407 1068 466 «la

195 509 335 576 Hercule,
358 507 547 582 Aesculapio,
562 508 679 575 Libero,
701 507 833 572 (leuiore,
852 507 973 565 Polluce
987 507 1068 568 dubi·

195 607 294 667 tallia?
312 593 359 667 ‘Aa'
370 609 399 666 lri
413 609 530 683 qrridem
545 611 680 666 coluntur
692 625 794 682 aeque,
808 612 895 682 atque
909 606 969 675 illi;
989 607 1067 679 atiud

156 756 163 761 .
195 709 334 783 quostiam
354 709 443 766 etium
467 707 672 783 multomagis.
714 707 793 783 Ergo
814 707 856 773 ht,
879 705 921 766 dii
935 712 1002 764 aunt
1016 706 1065 766 ha·

196 808 294 875 bendi‚
316 809 483 866 mortalibus
504 810 566 868 nati
581 806 740 868 matribus?
771 805 873 881 Quia?
903 805 1064 874 Aristaeus,

196 907 244 980 qni
257 908 356 964 olivae
369 909 475 966 dicitur
489 909 637 977 inuentor,
662 908 811 982 Apollinis
833 907 909 966 illiue
922 926 930 962 ε
950 904 971 936 ⁵²
986 905 1054 967 Tha

193 1023 268 1074 seue,
291 1008 340 1082 qui
363 1009 511 1082 Neptuni:
533 1009 647 1083 reliqui,
671 1023 791 1083 quorum
812 1012 908 1079 patrea
933 1004 984 1071 dii,
1005 1021 1065 1062 non

194 1101 278 1164 crunt
307 1106 337 1164 in
361 1110 480 1166 deorum
504 1105 646 1167 numero?
675 1107 765 1179 Quid,
792 1122 910 1180 quorum
934 1100 1065 1192 matres?

193 1201 215 1238 ⁵³
226 1207 331 1280 opinor
344 1207 433 1265 etiarn
456 1208 559 1282 magia.
574 1213 605 1266 ut
626 1207 706 1266 enim
729 1207 834 1278 inJ'ure
847 1205 942 1273 civili,
957 1205 1005 1280 qni
1020 1208 1066 1262 eat

193 1311 285 1363 matre
307 1307 408 1374 libera,
435 1306 509 1366 liber
532 1313 593 1366 eat:
614 1306 685 1366 item
699 1307 769 1380 jure
788 1310 918 1372 naturae,
938 1305 987 1380 turi
1009 1305 1065 1362 den

192 1401 285 1463 matre'
311 1411 365 1464 est,
389 1407 462 1464 deuo
485 1407 524 1464 eit
557 1419 678 1464 necesse
699 1411 754 1464 eet.
796 1406 898 1480 ltaque
915 1404 1066 1464 Achillem

192 1501 213 1535 ⁵²
225 1507 475 1579 Astypalaeeusea
485 1505 611 1564 insulani
631 1504 651 1538 ⁸⁵
661 1505 844 1564 nanctieaimc
855 1507 964 1562 colunt.
976 1504 1026 1578 qui
1037 1503 1078 1574 ei,

192 1604 265 1661 deus
279 1611 342 1662 cst:
364 1610 394 1662 ct
412 1604 554 1678 Orpheus,
565 1610 595 1662 ct
609 1605 733 1670 Rhesus,
751 1604 794 1662 dii
807 1608 885 1670 sunt,
905 1602 992 1659 Musa
1005 1619 1063 1662 ma·

193 1707 237 1760 tre
252 1703 322 1761 nati.
335 1701 392 1762 nisi
406 1704 479 1760 lorle
494 1703 656 1762 maritimae
677 1702 933 1776 nuptiae-terrenis
945 1707 1065 1776 antepo-

192 1808 309 1858 nuntur.
352 1802 386 1860 Si
400 1803 430 1860 lri
449 1802 492 1860 uit
513 1820 572 1860 non
586 1808 662 1870 aunt,
676 1802 744 1876 quia
758 1818 900 1877 numnam
912 1803 1064 1878 coluntur:

192 1917 250 1975 quo
264 1903 351 1958 modo
363 1902 407 1959 illl
427 1900 518 1960 eunt?
539 1901 620 1958 Vide
639 1901 737 1976 igitur,
750 1919 789 1960 ue
802 1900 955 1958 virtutibus
969 1901 1060 1960 honri·

191 2016 263 2057 uuor
287 1999 337 2057 ini
361 2001 485 2058 honores
508 2001 757 2067 macarianam
780 2000 1063 2060 immortalitatibua:

190 2099 265 2175 quod
287 2104 317 2158 tu
338 2117 461 2175 quoque,
480 2099 584 2168 Balbe,
597 2100 676 2158 viana
696 2117 729 2158 ea
742 2100 851 2160 dicare.
900 2103 1066 2174 Quomodo

190 2205 394 2272 aulempotce,
408 2200 440 2257 ai·
455 2203 600 2258 Latonam
613 2201 701 2258 deam
729 2206 823 2274 putas,
845 2202 981 2258 Hecaten
1002 2218 1061 2258 non

189 2303 302 2372 putare,
316 2315 389 2371 quae
411 2303 501 2355 matra
526 2299 645 2356 Asteria
658 2301 713 2366 eat,
733 2319 830 2360 sorore
846 2299 1003 2360 Latonae?
1023 2319 1063 2360 an

191 2397 389 2470 huncquoque
403 2396 459 2452 dea
468 2393 533 2452 eat?
554 2394 680 2451 vidimus
691 2397 769 2457 enirn
780 2400 842 2469 ejus
856 2417 921 2458 arae
931 2403 1064 2462 delubra·

191 2495 293 2571 quein
308 2495 445 2552 Graecia.
460 2491 505 2552 ain
527 2493 599 2550 haec
620 2495 678 2550 dea
698 2499 752 2561 est,
773 2511 826 2552 cur
845 2513 904 2554 nou
925 2499 1063 2560 Eumeni·

191 2591 267 2654 dee?
287 2611 360 2671 quae
374 2593 400 2652 ei
419 2593 493 2652 deae
505 2598 584 2661 eunt,
604 2609 724 2668 quarum
745 2597 775 2650 et
789 2593 917 2660 Athenis
935 2593 1062 2673 “lanum

220 2771 243 2804 au
258 2769 364 2824 mem,
374 2769 414 2829 qui
427 2768 552 2830 Neptuni]
584 2769 632 2816 Ma.
644 2769 718 2817 Gueli.
730 2773 754 2816 et
771 2769 811 2816 alii
829 2771 888 2830 apud
899 2771 1014 2820 Davislum
1024 2774 1060 2822 ed.

188 2827 480 2940 ligrfflvlgitdml'heeeruque
490 2827 601 2886 Neptuni,
620 2829 660 2875 alii
679 2829 785 2886 tanen,
797 2829 907 2887 Neptuni,
924 2833 983 2892 quod
1002 2845 1062 2881 reee-

188 2905 212 2952 m
219 2969 242 3039 {³
256 2970 352 3032 opinen]
383 2968 421 3016 Sic
430 2967 477 3016 Ma
488 2963 563 3016 trualt.
574 2972 598 3016 et
608 2967 656 3026 alii,
663 2967 718 3016 item
727 2969 778 3016 edel
790 2972 845 3014 vett.
857 2967 966 3016 recentius
976 2969 1061 3032 vulgali

190 3042 273 3085 maner.

220 3107 242 3139 ⁵⁴
256 3107 442 3214 Artypnlmerueg
465 3107 522 3154 haee
538 3111 572 3156 eat
589 3121 644 3152 vera
660 3106 770 3168 scriptura
789 3109 812 3154 et
830 3105 902 3154 torma
921 3107 1016 3155 neminie
1032 3108 1063 3156 ab

190 3166 336 3227 Astypalaea,
347 3167 406 3228 quod
441 3166 522 3215 avieiua
532 3172 593 3214 recte
601 3165 680 3212 edidit
713 3165 807 3225 Vulgati
821 3166 881 3212 male
890 3168 1042 3225 Astypalenses
1054 3189 1062 3216 .-

189 3239 322 3287 quamquam
331 3227 439 3273 fluctuant
449 3226 518 3272 varie.

218 3303 240 3338 ⁶³
253 3304 387 3352 sanctissime
406 3306 500 3367 colunt]
531 3305 569 3354 Sic
586 3304 633 3353 Ma.
645 3303 719 3352 Gneli.
731 3308 757 3352 ut
773 3305 820 3368 jam
839 3303 911 3354 edidit
929 3305 1060 3358 umbram

189 3363 452 3424 Vulgg.euneliere¹muna.
502 3414 519 3444 ἡ

221 3443 242 3476 ⁵⁶
248 3443 338 3500 sanum
348 3443 395 3504 eut]
427 3441 474 3490 Ma.
488 3443 515 3492 la.
526 3443 601 3492 Voaaii
611 3441 776 3504 habuitsunut,
785 3443 845 3510 quod
854 3443 1054 3498 Vouiuadeleulit

195 3503 224 3562 el
233 3503 322 3568 Meleu
333 3503 363 3562 lt,
373 3505 395 3556 ³·
405 3513 427 3572 a·
439 3506 489 3558 ⁴³³·
