2558 4198
504 327 605 382 arnna
622 329 755 383 antuus.
802 371 806 378 .
989 341 1053 404 ³25

180 481 248 542 dem
267 480 358 542 stiam
378 479 577 552 Democritus,
588 482 635 541 vir
648 497 768 558 magnus
791 480 824 542 in
841 481 952 559 primis,
971 485 1054 562 cujas

180 584 309 643 tontibus
342 582 487 657 Epicurus
518 585 648 642 hortulos
682 601 749 642 snos
776 584 917 660 irrigavit,
950 591 1055 646 nutare

181 685 299 742 videtur
318 683 468 742 iunctura
492 685 621 744 deorum.
664 685 744 744 Tum
765 686 845 744 enirn
868 693 971 744 censet
984 686 1055 746 ima·

146 782 149 786 ’
179 785 264 860 gines
278 783 436 842 divinitate
461 785 607 860 praeditas
620 786 718 844 inesse
731 783 915 844 universitati
940 803 1055 845 rerum:

180 882 202 919 ⁹
212 889 273 941 tum
288 881 431 959 principia
445 885 562 955 mentis,
576 904 650 962 quas
664 892 731 945 sunt
742 886 773 945 in
788 887 892 944 eodem
906 885 1056 954 universo,

180 983 251 1042 deos
276 1001 339 1047 esse
359 985 451 1044 dicit:
472 990 533 1044 turn
556 987 720 1046 animantes
741 986 895 1059 imagines,
915 1001 989 1060 quac
1002 985 1055 1044 val

179 1085 316 1158 prodesse
350 1086 433 1143 nobis
466 1089 573 1155 solent,
601 1088 649 1145 vel
678 1103 806 1144 nocere:
829 1090 890 1142 snm
917 1083 1055 1159 ingentes

179 1185 318 1260 quasdam
331 1184 484 1259 imagines,
498 1192 660 1262 tantusque,
674 1190 707 1243 ut
727 1185 895 1243 universum
913 1185 1053 1244 mundum

178 1284 411 1359 complectantur
443 1285 635 1344 extrinsecus.
679 1287 762 1360 Quae
795 1285 913 1361 quidem
952 1283 1052 1342 omnia

178 1388 246 1442 sunt
274 1384 368 1459 patric
400 1383 575 1453 Democriti,
598 1397 684 1461 qnam
709 1385 881 1444 Democrito
906 1383 1053 1459 digniora.

179 1483 253 1557 Quis
273 1486 352 1542 enirn
376 1484 448 1542 istas
462 1485 605 1560 imagines
619 1485 868 1559 comprehendere
881 1483 981 1541 animo
1001 1499 1051 1555 po·

87 1583 93 1592 ⁴
177 1581 262 1642 test?
282 1585 345 1659 quis
372 1582 532 1642 admirari?
552 1584 614 1658 quis
642 1591 692 1641 aut
718 1587 808 1652 cultu,
834 1587 884 1640 aut
906 1581 1050 1654 religione

176 1681 441 1758 dignasjudicare?
480 1684 625 1757 Epicurus
636 1701 708 1741 vero
721 1699 759 1740 ex
781 1681 886 1740 animis
901 1680 1051 1740 hominum

176 1784 306 1841 extraxit
320 1784 459 1841 radicitus
475 1783 657 1858 religionem,
676 1779 696 1814 ‘¹
707 1799 773 1840 cum
801 1781 857 1839 diis
881 1779 1050 1838 immortali·

175 1883 269 1941 buret
281 1899 368 1958 opem
381 1889 412 1941 et
432 1884 554 1959 gratiam
568 1883 692 1942 sustulit.
714 1900 781 1941 curn
806 1881 886 1940 enirn
909 1880 1049 1954 optimam

175 1988 206 2040 et
227 1985 505 2058 praestantissimam
534 1989 665 2042 naturam
688 1985 737 2041 dei
756 1982 837 2040 dicat
862 1999 935 2049 esse,
958 1984 1049 2055 negat

174 2083 254 2140 idem
275 2101 340 2141 esse
364 2083 396 2141 in
420 2085 476 2142 deo
503 2083 634 2158 gratiam.
657 2083 733 2141 tollit
754 2083 793 2152 id,
818 2082 893 2156 quod
919 2081 1048 2138 maxime

173 2183 318 2258 proprium
346 2188 392 2241 est
415 2183 543 2258 optimae
568 2179 893 2258 praestantissimaeque
918 2185 1047 2238 naturae.

173 2282 241 2356 quid
256 2283 335 2340 enim
349 2285 394 2338 est
408 2283 521 2350 melius,
545 2288 595 2339 ant
609 2283 677 2356 quid
701 2282 894 2354 praestantius
916 2279 1048 2338 bonitate

175 2385 205 2478 et
220 2377 437 2437 beneficentia?
455 2397 512 2454 qua
532 2397 600 2435 cum
614 2395 713 2436 carere
734 2381 821 2436 deum
836 2380 935 2448 vultis,
955 2377 1048 2438 uerni-

174 2495 244 2538 nem
264 2479 320 2536 deo
336 2497 391 2536 neo
415 2482 510 2546 deum,
526 2495 581 2536 nec
595 2480 744 2536 hominem
758 2497 875 2538 carum:
897 2483 1047 2540 neminem

175 2581 212 2637 ab
227 2597 263 2636 eo
284 2578 384 2646 amari,
406 2579 554 2636 neminem
576 2577 676 2653 dirigi·
687 2578 784 2636 vultis.
827 2579 874 2635 lta
888 2579 928 2645 lit,
942 2585 973 2636 ut
987 2597 1047 2638 nou

174 2679 260 2736 modo
274 2677 407 2736 homines
428 2696 446 2736 a
466 2677 531 2745 diis,
545 2679 596 2734 sed
621 2676 678 2750 ipsi
705 2678 748 2734 dii
768 2677 845 2735 inter
867 2695 899 2734 se
922 2679 958 2734 ab
980 2677 1046 2735 aliis

173 2777 224 2836 alii
239 2778 432 2852 negligantur.
476 2778 593 2850 Quanto
613 2776 707 2837 Stoici
722 2778 835 2845 melius,
849 2777 898 2852 qui
921 2794 939 2834 a
962 2777 1045 2836 vohis
1057 2777 1099 2835 44

172 2874 441 2950 reprehenduntur?
482 2877 614 2961 Censent
629 2881 735 2945 autem,
759 2877 907 2947 sapientes
931 2869 1046 2950 sapien-

173 2963 248 3036 iibue
262 2978 352 3034 etiam
367 2976 473 3051 ignotis
485 2993 549 3035 esse
561 2977 681 3036 amicos.
697 2977 769 3034 nihil
782 2980 827 3034 est
841 2975 920 3034 enim
935 2976 1045 3034 virtute

93 3090 95 3098 ·
171 3077 333 3136 amabilius.
363 3095 449 3153 quarn
476 3079 525 3154 qui
550 3078 671 3151 adeptus
696 3075 760 3144 erit,
787 3073 960 3151 ubicumque
988 3075 1045 3134 erit

169 3177 312 3252 gentium,
337 3177 460 3238 anobis
488 3178 634 3254 diligetur.
676 3177 742 3235 Vos
763 3182 860 3234 autern
880 3176 950 3252 quid
974 3177 1045 3269 mali

197 3341 219 3374 ⁴⁰
234 3347 282 3388 tum
301 3340 413 3397 principia
430 3343 528 3404 mentis]
560 3341 597 3389 Sic
617 3355 645 3388 ex
668 3341 791 3399 Augustino
808 3339 907 3387 restituit
927 3339 1043 3394 liuterius,

169 3399 385 3520 ppprlsgnnltssdnzvisins
399 3407 423 3448 et
441 3405 585 3450 Alernasnus.
618 3401 834 3461 Vulgomsntesque.
846 3400 903 3448 illud
921 3405 944 3448 et
961 3400 1009 3448 Ma.
1020 3399 1043 3445 in

199 3539 219 3570 ⁴1
235 3552 286 3586 cum
294 3539 339 3586 diis
347 3541 410 3589 imm.
420 3565 445 3578 -·
456 3525 556 3603 sustulit]
573 3555 601 3588 an
612 3555 663 3588 sum
672 3555 686 3588 a
695 3539 757 3597 Diis,
768 3544 811 3587 etc.
823 3537 836 3587 P

208 3636 278 3678 vor..
300 3640 352 3678 xv.
590 3627 627 3680 28
