2548 4208
221 313 286 376 eto
477 301 838 359 nnusrunsnnonuiu

223 453 396 530 pulcerrima
415 458 470 523 est,
484 461 514 514 et
527 457 566 514 od
579 457 785 514 moderandam
805 455 978 531 religionem
992 469 1095 526 neees-

221 555 308 612 ssria.
349 555 398 610 De
411 571 467 630 qus
482 561 541 612 tem
556 555 655 612 variae
669 561 736 613 sunt
750 556 983 614 doctissimorum
1004 556 1095 615 horni-

223 670 303 722 num‚
332 659 449 728 tumque
476 655 676 728 discrepantes
699 655 881 724 seutentine3
908 652 961 712 ³ut
988 672 1096 730 magno

223 759 395 828 argumento
414 771 479 812 esse
498 755 613 820 debent,
637 749 783 820 ‘oausam
797 754 827 812 id
842 760 897 822 est,
919 755 1094 828 principium

224 852 438 930 philosophiae,
459 871 524 911 esse
537 851 733 918 inscientium,
748 854 959 928 prudenterque
983 855 1098 912 Aoede

224 953 316 1012 mioos
339 949 377 1009 's
391 953 474 1010 rebus
488 952 608 1009 insertis
622 952 824 1009 assensionem
835 951 1011 1010 cohibuisse.
1024 951 1094 1026 quid

224 1056 270 1110 est
292 1051 373 1110 edim
393 1049 576 1110 ‘temeritate
598 1050 729 1127 turpius?
748 1056 798 1108 aut
812 1052 881 1126 quid
895 1057 955 1108 tem
973 1039 1095 1109 temera·

224 1152 310 1220 rium,
337 1156 453 1224 tamque
479 1152 632 1226 indignum
659 1152 801 1225 sepientis
823 1152 979 1228 gravissu,
1008 1157 1096 1226 etque

225 1251 405 1316 constantis,
429 1269 514 1324 quem
527 1257 577 1308 eut
590 1251 693 1308 falsum
713 1251 830 1318 sentire,
851 1256 910 1319 nui,
933 1252 1010 1324 quod
1034 1267 1096 1308 non

226 1350 297 1407 sotis
317 1352 467 1422 explorate
482 1353 649 1423 perceptum
663 1349 712 1416 sit,
725 1354 756 1406 et
768 1350 926 1424 cognitum,
946 1347 1010 1406 sine
1034 1350 1097 1410 ulls

226 1449 410 1507 dubitatione
436 1445 617 1534 detenderet
651 1447 744 1506 Velut
772 1448 804 1506 in
831 1449 888 1504 hse
915 1445 1098 1522 quaestione,
1126 1475 1129 1480 v

222 1548 356 1623 'plerique
370 1544 459 1625 (quod
480 1546 608 1606 maxime
623 1547 782 1606 verisimile
792 1552 847 1616 est,
860 1552 891 1605 et
903 1545 914 1579 ⁷
924 1563 980 1622 quo
994 1562 1099 1605 omues

227 1705 256 1750 ad
274 1703 447 1751 delectationem
466 1703 626 1752 suavissimum.
648 1710 717 1766 atque
734 1670 778 1750 ires
793 1703 864 1750 torma
873 1701 954 1749 Cicero
971 1700 1008 1748 hie
1027 1699 1098 1748 etiarn

226 1764 277 1810 iistis
288 1769 322 1810 est
339 1763 369 1810 ad
379 1763 546 1810 similitudinem
555 1762 673 1811 orationis:
693 1763 745 1823 quta
755 1764 856 1825 sequitur
865 1761 895 1808 sd
903 1761 960 1808 md.
974 1762 1016 1807 rel.
1026 1773 1098 1808 mser·
1131 1768 1134 1773 '

227 1823 301 1870 torio:
320 1823 380 1884 quod
390 1827 466 1870 temen
475 1839 489 1868 a
498 1823 545 1870 Ms.
557 1822 619 1868 afuit.

257 1900 270 1933 ³
283 1903 310 1946 ut
324 1915 407 1959 nsngsto
416 1916 466 1959 urg.
478 1916 522 1948 esse
531 1901 615 1962 deded]
633 1901 754 1949 haeserunt
766 1901 803 1948 hic
812 1900 904 1962 quidam
911 1899 953 1946 viri
964 1898 1032 1954 docti,
1041 1897 1101 1946 itenr

228 1965 252 2006 st
262 1957 356 2014 librarii,
365 1959 402 2019 qui
411 1959 463 2006 inde
472 1967 496 2005 et
505 1961 528 2006 in
539 1968 602 2008 textu
611 1960 694 2021 aliqtdd
702 1966 823 2008 mutavere.
832 1959 1002 2019 intelligendum
1010 1962 1053 2016 est,
1062 1957 1099 2016 id,
1112 1981 1122 1997 ·

230 2011 265 2078 (eo
274 2019 319 2076 res)
329 2017 372 2064 nisi
382 2019 451 2064 etium
462 2020 550 2066 excidit.

258 2097 380 2152 ιιαιιεαηι,
396 2097 461 2143 idest
475 2097 614 2154 principium
622 2097 776 2160 philosophiae]
796 2097 920 2145 utdeeeroi
981 2096 1007 2152 it,
1022 2099 1100 2142 utrum

229 2155 343 2202 tes'ettiiom
363 2157 480 2212 legendum
499 2156 535 2209 sit,
557 2171 583 2202 sn
602 2157 743 2203 itucieuts‘um
762 2159 821 2218 quod
840 2157 909 2203 habet
957 2171 973 2202 s.
994 2153 1100 2209 Elieosis.

227 2215 343 2275 ediditque
356 2214 467 2270 Davisius,
485 2215 584 2275 mihique
600 2231 676 2262 verum
695 2217 785 2263 videtur
798 2215 970 2275 intelligendum
987 2221 1029 2270 est,
1044 2213 1105 2274 quid

231 2276 259 2321 sit
269 2287 335 2319 causo
345 2273 360 2318 i.
376 2288 397 2318 e.
414 2273 553 2330 principium
572 2274 725 2332 philosophiae,
742 2275 802 2336 quod
817 2275 888 2336 ipsum
904 2289 949 2321 non
966 2274 1019 2320 satis
1037 2277 1109 2332 recte,

148 2367 155 2377 .
229 2332 363 2394 explicatum
380 2338 421 2378 est.
464 2332 532 2391 igitur
554 2334 693 2389 principium
712 2341 755 2391 est,
773 2350 829 2396 quae
848 2333 941 2381 Graecis
960 2331 1100 2394 philosophis

229 2413 296 2464 ιω.
314 2412 388 2470 appu
398 2395 472 2438 autem
484 2391 608 2453 philosophi
619 2393 699 2440 Graeci
709 2395 786 2440 dicunt
797 2393 959 2454 propositiones
974 2392 1099 2448 evidentes,

228 2469 352 2506 necessario
362 2475 426 2507 veras
434 2460 606 2522 disciplinarum,
618 2461 719 2522 equibus
736 2463 796 2508 eliae
806 2462 911 2524 pendent,
928 2479 941 2509 e
951 2461 1030 2522 quibus
1039 2459 1101 2506 alies

227 2519 362 2576 judicentur,
374 2525 419 2567 etc.
448 2523 491 2567 ttod
509 2535 563 2578 ergo
578 2521 659 2566 deinde
676 2522 740 2567 addit
756 2523 786 2568 de
806 2522 939 2570 Academica
957 2518 1100 2580 suspensione

230 2579 367 2634 assensionis,
378 2580 402 2625 id
412 2535 502 2634 iudicat,
514 2579 611 2636 intelligi
622 2581 645 2626 h.
655 2581 670 2626 l.
682 2579 738 2626 illud
750 2579 934 2627 Academiconun
944 2577 1099 2625 enuntiatum:

225 2637 290 2685 ,stitit
307 2644 516 2695 essepss'ceptnmoc
528 2643 627 2684 certum.-
642 2653 735 2742 eamque
751 2639 783 2685 oh
797 2653 886 2684 causam
905 2639 960 2686 nihil
978 2652 1025 2682 esse
1042 2638 1101 2682 etllr·

230 2697 334 2749 standum
345 2703 369 2744 ut
383 2711 473 2768 prorsus
491 2703 583 2744 oertttm.
617 2698 660 2743 Sed
680 2698 696 2742 il
707 2698 736 2743 ud
756 2697 889 2758 principium
906 2712 948 2744 non
968 2695 1098 2764 exprimitur

227 2757 302 2803 >verbo
311 2758 419 2820 scistttme.
431 2772 497 2816 quem
510 2756 638 2804 Academici
646 2771 689 2802 nos
700 2763 828 2814 agnoscunt,
839 2756 877 2802 sed
891 2757 1025 2804 inscientia:
1039 2753 1103 2814 quod

230 2816 281 2877 quia
295 2815 379 2862 librarii
397 2829 441 2862 non
456 2816 620 2874 intelligebant,
638 2820 662 2862 et
680 2829 768 2866 cornum
782 2814 963 2875 principiumque
980 2813 1010 2860 ad
1035 2815 1101 2858 finem

231 2875 366 2930 referebant,
401 2874 446 2921 ussi
463 2875 604 2936 philosophia
621 2875 752 2929 disceretur,
763 2881 788 2919 ut
804 2875 917 2921 scientiam
934 2888 1007 2920 rerum
1025 2884 1102 2934 conse·

230 2890 1102 3050 titttt'iti‘tl‘tlttttttt,diffiditisistttttitl

260 3076 374 3121 rareto
385 3074 484 3134 insertis]
506 3074 547 3119 lton
564 3087 652 3134 quoque
669 3087 711 3119 non
729 3071 853 3130 vulgariter
870 3071 933 3129 dixit,
950 3069 1015 3132 quasi
1028 3067 1058 3114 ab
1073 3065 1104 3114 iis

231 3133 296 3182 rebus
319 3133 466 3180 trseinoertee
476 3139 556 3184 essent.
564 3131 789 3178 esseusioeohibenda
797 3136 869 3178 esset:
881 3131 930 3192 quis
938 3127 996 3178 enirn
1007 3129 1049 3174 hoo
1058 3139 1103 3173 non

128 3247 132 3254 ,
232 3193 317 3241 credit.
350 3192 388 3237 sed
406 3191 453 3237 sio:
479 3191 626 3238 assensionem
646 3190 771 3237 cohibuisse
786 3190 815 3235 eb
835 3190 899 3237 rebus
918 3188 1027 3244 omnibus,
1048 3185 1103 3246 quin

232 3250 331 3298 incertae
340 3255 426 3296 essentt
444 3249 495 3310 quia
505 3249 560 3296 uiltil
571 3256 700 3310 perceptum
712 3253 777 3304 esset,
787 3255 826 3296 aut
836 3249 919 3310 percipi
930 3253 1010 3308 posset.

262 3329 273 3359 ⁸
288 3327 406 3378 densitate
416 3327 514 3385 turpius]
536 3343 579 3374 non
590 3327 691 3374 dubitavi
701 3342 751 3374 cum
767 3327 861 3375 Davisio
877 3329 946 3374 edere
960 3324 1050 3382 turpius
1060 3335 1103 3383 pro

225 3385 321 3442 fortitu,
332 3387 389 3447 quod
400 3392 435 3432 est
447 3387 514 3446 plane
529 3387 632 3436 alienutn.
644 3391 667 3434 et
677 3387 734 3433 illud
745 3386 768 3433 in
778 3387 836 3434 Mss.
847 3386 978 3448 quibusdam
989 3389 1103 3446 repertum

233 3449 274 3498 est,
284 3459 297 3489 a
307 3459 342 3490 me
352 3446 420 3492 etiem
430 3445 453 3492 in
463 3444 537 3492 Guell.
861 3449 862 3456 ’

263 3522 274 3554 '¹
289 3536 330 3580 quo
339 3538 413 3570 onmes
427 3525 483 3570 dues
496 3528 581 3570 natura
595 3523 707 3586 uehimtsr]
723 3525 779 3573 alies
796 3524 819 3572 in
834 3525 877 3572 hoc
895 3521 1006 3572 sententia
1020 3519 1105 3566 dicitur

224 3580 338 3643 ferimur·
370 3582 574 3644 Mssiliscrepnnt.
605 3583 654 3633 Mn
670 3583 745 3635 Guell.
765 3586 843 3643 habet,
859 3585 918 3645 quod
931 3596 1005 3634 omncs
1019 3583 1107 3634 nature

967 3781 979 3809 *s
