2552 4208
499 301 599 354 masa
617 300 767 354 sanstus.
1002 305 1064 374 ttt

191 471 259 516 eum
274 455 337 530 ipsa
350 453 508 514 soirtudine
521 453 602 530 loqui
615 469 704 527 saepe
717 453 855 524 detestat,
866 455 901 514 ut
914 451 967 513 illa
987 455 1066 530 apud
1102 465 1105 474 ’

193 557 323 616 Ennium
338 555 457 614 nutrix:

369 701 459 762 Cupido
468 701 529 762 repit
545 699 648 748 miseram
658 713 717 747 aune
731 712 775 756 me,
783 697 886 760 proloqui

372 781 445 830 Caelo
453 787 521 843 atque
529 785 606 828 terrae
619 779 720 828 Medeae
735 777 843 826 miserias.

195 921 280 981 Haeo
293 921 393 980 omnia
406 927 496 990 reeta,
511 937 590 989 vera,
613 919 713 977 debita
737 922 882 992 putantes,
901 917 1013 976 iaciunt
1032 917 1064 977 iu
1075 920 1116 982 2?

192 1021 312 1081 datore:
334 1021 517 1095 maximeque
538 1021 712 1087 declaratur,
726 1019 782 1076 hoe
796 1015 879 1093 quasi
892 1017 981 1076 officii
988 1018 1066 1096 judi·
1139 1029 1141 1034 '

177 1119 241 1181 -uio
254 1121 326 1179 tisri.
340 1121 415 1196 quod
436 1120 525 1194 siqui
539 1120 622 1188 torte,
635 1137 703 1177 cum
727 1137 759 1176 se
781 1118 811 1176 in
827 1119 907 1175 tuctu
927 1135 992 1176 esse
1005 1120 1067 1176 vet·

191 1222 264 1290 lent,
278 1220 386 1295 aliquid
401 1220 533 1277 iecerunt
554 1220 716 1286 humanius.
729 1225 780 1276 aut
793 1220 819 1279 si
839 1220 960 1278 hiterius
975 1218 1066 1278 toeuti

191 1326 268 1386 sunt,
283 1323 424 1378 revocant
438 1337 470 1376 sa
485 1337 579 1376 rursus
593 1320 630 1378 ad
645 1319 830 1386 moestitiam,
845 1321 1017 1396 peccatique
1032 1337 1066 1378 ss

189 1420 371 1486 insimulant,
398 1419 475 1493 quod
501 1419 601 1478 dolere
626 1418 845 1478 intermiserint.
868 1437 972 1496 pueros
994 1437 1067 1478 vero

192 1527 309 1587 matres,
324 1525 353 1576 et
368 1518 498 1592 magistri
512 1519 656 1592 castigare
676 1519 765 1576 etiarn
778 1522 884 1588 solent,
898 1537 954 1577 nee
969 1519 1068 1578 verbis

192 1621 296 1684 satum,
319 1620 370 1675 sed
398 1617 489 1675 etiam
509 1617 688 1684 verberibus,
708 1617 733 1674 si
757 1617 824 1691 quid
847 1617 878 1674 in
905 1616 1068 1676 domestico

192 1717 405 1778 iustuhiiarius
420 1717 457 1774 ab
479 1716 516 1774 iis
539 1716 648 1774 iactum
672 1721 727 1783 est,
741 1721 790 1773 aut
803 1717 929 1774 dietum:
953 1719 1066 1791 plorare

191 1817 310 1894 cogunt.
322 1817 390 1892 quid
402 1813 415 1875 t
433 1816 497 1891 ipsa
512 1814 648 1873 remissio·
657 1817 752 1873 luctus
763 1833 830 1874 uum
841 1822 884 1874 est
896 1821 1065 1886 consecuta,

187 1899 452 1992 ³inteiieutumque
475 1917 550 1976 nihil
579 1917 680 1990 profici
708 1919 874 1986 moerendo,
900 1935 999 1976 nonne
1018 1937 1065 1977 res

191 2017 331 2086 declarat,
345 2017 433 2076 tuisse
456 2022 548 2075 totum
570 2015 641 2074 iliud
656 2013 874 2076 voluntarium?
915 2018 992 2092 Quid
1012 2017 1064 2076 iile

192 2115 392 2177 Terentianus
411 2113 518 2176 ’term
537 2138 725 2196 remeamus,
745 2116 776 2176 id
800 2123 855 2189 est,
878 2117 941 2194 ipse
962 2137 994 2177 se
1015 2135 1064 2194 pu·

192 2215 301 2278 niens?

341 2371 440 2421 Decrevi
449 2372 559 2434 tantiqm
568 2387 605 2421 me
613 2371 686 2420 minus
695 2371 797 2431 iniuriae,

343 2450 459 2510 chremes,
469 2466 521 2500 meo
529 2456 599 2512 gnato
606 2451 688 2510 iuuere,
698 2452 750 2500 dum
761 2453 811 2498 dam
820 2451 895 2500 miser.

192 2597 252 2658 Hic
265 2591 409 2666 desernit,
425 2603 456 2657 ut
470 2599 558 2658 miser
570 2599 618 2660 sit.
633 2616 702 2660 num
726 2599 790 2678 quis
807 2598 895 2677 igitur
908 2598 1063 2679 quidquam

191 2698 327 2758 decernit
340 2695 476 2752 invitus?

280 2849 350 2900 Muto
357 2847 447 2911 quidam
454 2861 491 2896 are
500 2848 579 2910 quovis
587 2846 678 2909 dimum
687 2846 800 2911 deputa.

223 3028 409 3090 ’intetkrtrquei
425 3042 470 3076 non
489 3027 584 3074 retertur
600 3027 681 3076 harad
696 3026 802 3076 remissio.
822 3025 1063 3090 taqussorrqenaua

191 3091 376 3148 intellectumque.
386 3093 559 3135 utrorrrseruat
566 3087 632 3136 Man.
642 3089 718 3136 bamb.
730 3087 839 3144 Davisius,
848 3087 917 3150 quiet
928 3101 959 3136 ers
967 3091 1061 3142 addidit.

193 3153 231 3200 Sir
242 3149 325 3196 habeat
334 3149 384 3194 add,
398 3154 452 3194 vett.
469 3153 493 3194 et
511 3147 558 3195 Ms.
570 3147 654 3196 utrem.
666 3155 750 3211 postet
765 3162 791 3196 rs
806 3148 905 3196 declarat
923 3165 953 3198 ss.
964 3152 1064 3202 remissio

192 3213 270 3260 luctus
281 3210 358 3268 legunt
367 3207 472 3256 Davisius
481 3211 504 3254 et
517 3207 631 3255 Butrerius.

223 3291 234 3321 ⁰
248 3291 294 3346 ipre
303 3303 324 3335 n
339 3286 444 3347 mandem,
453 3285 470 3333 i.
480 3302 497 3333 s.
511 3285 586 3339 imm
601 3287 666 3352 ern]
682 3287 771 3350 quidam
783 3287 906 3350 pregium
920 3289 991 3336 deleri
1001 3289 1065 3338 roin-

193 3357 258 3399 eruut
278 3353 304 3398 td
322 3356 352 3400 eat
366 3349 382 3399 i.
400 3371 423 3401 r.
456 3351 564 3402 Butsarius
580 3355 630 3400 vult
648 3351 736 3400 inverti.
752 3349 824 3404 invem
841 3371 893 3417 ηιμ.
910 3353 925 3402 i.
942 3369 961 3398 e.
977 3356 1024 3412 im
1041 3365 1063 3402 n

191 3415 296 3472 puniens.
307 3415 389 3476 placet.
402 3431 453 3463 nam
464 3415 520 3463 ittud
530 3415 640 3463 Graecum
652 3425 728 3464 uotum
738 3425 787 3464 erat
797 3433 810 3462 e
821 3418 934 3465 Terentio*
947 3419 1065 3481 propani·

194 3487 232 3520 sna
246 3473 347 3520 Davisius
357 3475 428 3522 edidit
433 3475 544 3532 pomisne,
571 3476 665 3522 robante
676 3477 779 3534 Buheriq
790 3476 872 3538 quiaiu
883 3475 940 3526 Mes.
950 3485 983 3525 est
989 3479 1065 3536 poeni-

193 3533 347 3640 matam
365 3533 437 3582 torma
451 3533 522 3584 etiam
561 3535 592 3583 rbi
608 3541 644 3583 ast
659 3535 718 3598 apud
737 3535 877 3588 einrossn.
909 3539 1001 3588 secutur
1015 3545 1064 3588 rum
