2558 4198
461 299 561 350 blada
575 297 761 350 sanonum:
978 305 1043 370 319

170 469 238 516 eum
261 447 487 512 admirabilitate
516 449 654 516 maxima,
681 447 785 525 igneae
811 447 920 508 formae
941 467 1044 512 nanos

171 556 320 616 ordinatos
334 551 486 609 definiunt.
528 551 554 608 E
568 549 669 625 quibus
680 551 733 614 sol,
746 550 829 625 eujus
844 552 1043 625 magnitudine

160 655 272 728 ,multis
299 651 426 726 partibus
451 656 525 708 terra
550 656 708 723 superatur,
728 649 837 708 circum
857 669 922 708 eam
950 651 1043 724 ipsam

172 753 313 812 volvitur.
329 751 412 826 isque
433 749 530 807 oriem
544 753 573 805 et
596 745 744 817 oc'cidens,
768 750 847 808 diem
870 757 1043 824 noctemque

173 851 304 917 conficit,
329 855 359 908 et
388 851 475 908 modo
498 849 653 916 accedens,
680 856 740 906 tum
767 857 865 906 autem
893 850 1044 918 recedens,

172 950 257 1009 binas
270 949 301 1007 in
324 949 447 1024 singolis
469 949 553 1006 annis
576 949 758 1006 reversiones
778 949 815 1005 ab
829 954 961 1005 extremo
975 967 1044 1006 con·

171 1049 273 1108 trurias
294 1049 381 1107 iacit:
405 1047 553 1124 nquarum
567 1049 726 1106 intervallo
749 1056 808 1104 tum
823 1049 904 1122 quasi
927 1046 1045 1106 tristitie

172 1149 313 1226 quaedem
327 1149 473 1207 contrabit
487 1156 602 1215 terram,
616 1154 676 1206 tum
693 1146 822 1204 vicissim
844 1147 991 1214 laetificat,
1013 1151 1044 1206 ut

171 1265 239 1307 cum
253 1250 338 1304 caelo
353 1248 476 1304 hilarata
500 1248 641 1305 videatur.
683 1249 768 1306 Luna
780 1257 887 1316 autern,
900 1265 974 1322 qnae
988 1251 1043 1318 est,

170 1353 204 1406 ut
216 1348 373 1404 ostendunt
394 1347 604 1414 mathematici,
623 1347 723 1422 major,
743 1365 828 1422 quarn
842 1347 962 1404 dimidia
977 1365 1043 1420 para

171 1445 402 1514 tenacitatem
426 1446 527 1518 spatiis
549 1455 677 1520 vagatur,
691 1446 792 1521 quibus
814 1449 875 1504 sol:
905 1449 956 1504 scd
983 1453 1043 1506 tum

171 1546 367 1620 congrediens
381 1563 447 1602 cum
462 1548 533 1610 sole,
548 1551 608 1601 tum
618 1547 792 1619 digrediens,
811 1553 841 1603 et
851 1563 916 1603 eam
939 1548 1044 1614 locem,

172 1661 260 1720 quam
275 1663 291 1702 a
306 1647 368 1702 sole
389 1641 513 1717 accepit,
539 1644 628 1700 mittit
653 1644 684 1701 iu
706 1650 806 1711 tetras,
819 1651 849 1701 et
871 1644 966 1701 sarias
981 1645 1044 1717 ipsa

172 1744 348 1804 mutationes
372 1744 446 1800 lucis
470 1744 575 1799 babet:
604 1747 690 1816 atque
714 1742 803 1799 etiam
829 1749 890 1800 tum
913 1743 1045 1817 subjecte

173 1850 260 1918 atque
281 1843 414 1916 opposita
439 1842 504 1909 soli,
519 1841 614 1898 radios
638 1841 709 1916 ejus,
723 1848 752 1898 et
776 1845 872 1898 lumen
898 1845 1043 1912 otscurar,

172 1948 234 2003 tum
242 1943 305 2017 ipsa
316 1941 450 2000 incidens
461 1942 495 1999 in
508 1943 636 1999 umbram
648 1947 750 2008 terrae,
760 1959 827 1999 eum
837 1949 881 1998 est
893 1961 909 1998 e
924 1943 1043 2016 regione

170 2043 250 2112 solis,
264 2043 436 2118 interpositu
449 2041 660 2117 interjectnque
675 2049 779 2108 terrae,
796 2049 915 2120 repente
931 2043 1042 2099 deficit.

170 2143 330 2218 iisdemque
347 2142 459 2216 ,spatiis
486 2143 541 2200 hae
566 2145 679 2207 stellae,
700 2161 771 2216 quas
793 2155 888 2216 vagas·
907 2141 1044 2210 dicimus,

171 2242 282 2302 circum
305 2248 410 2299 terram
423 2227 424 2232 ἵ
435 2242 572 2307 seruntur,
586 2243 746 2316 eodemque
761 2244 848 2300 modo
863 2242 993 2300 oriuntur
1012 2245 1044 2300 et
1148 2295 1155 2306 ,

171 2341 330 2398 occidunt:
351 2357 468 2412 quarum
483 2343 577 2394 motus
602 2345 663 2395 tu'm
686 2341 854 2408 incitantur,
874 2347 935 2400 tum
957 2349 1043 2400 retar-

173 2439 287 2504 dantur,
302 2453 389 2507 ωερε
403 2435 491 2492 etiam
504 2436 651 2492 insistunt.
694 2437 761 2507 Qun
786 2445 954 2510 spectaculo
970 2442 1043 2499 nibil

175 2541 272 2612 potest
299 2533 495 2592 admirabilius
522 2551 596 2601 esse,
621 2533 693 2592 nibil
721 2536 857 2608 pulcrius.
909 2539 1045 2611 Sequitur

174 2637 322 2694 stellarum
342 2634 531 2704 inerrantium
553 2633 679 2692 maxima
702 2637 874 2692 multitudo:
895 2634 915 2668 ¹²
925 2655 1044 2711 qrrarum

126 2810 129 2818 .
174 2735 216 2794 ita
231 2734 375 2808 (inscripta
389 2733 539 2791 distinctio
553 2740 606 2800 est,
617 2726 649 2791 ut
662 2753 699 2792 ex
716 2741 784 2791 nota
800 2737 952 2808 figurarum
967 2738 1044 2795 simi·

172 2835 297 2893 titudine
324 2833 444 2891 nomina
470 2833 648 2890 invenerint.
702 2837 800 2907 Atque
829 2837 884 2892 boc
908 2837 972 2892 loco
997 2832 1093 2893 medi

173 2935 303 3005 intuens,
322 2935 405 3002 Utar,
419 2933 521 3010 inquit,
545 2933 722 2993 carminibus
750 2937 851 3004 Arati,
863 2938 915 3004 eis,
930 2955 1003 3012 quae
1026 2957 1045 2997 a

174 3089 1046 3210 elimationibusattilanlsttnllsmlf

176 3209 269 3264 recedit,
287 3215 369 3256 terram
386 3209 507 3264 contrabit,
525 3211 608 3267 frigore
628 3211 674 3268 ejus
690 3211 820 3280 adapertum
838 3214 924 3258 tristem
941 3213 1044 3269 efficiens,

175 3273 222 3314 tom
243 3270 348 3316 medens
373 3284 448 3317 versus
473 3270 592 3318 solstitium
611 3285 661 3316 eam
688 3271 805 3317 laetiorem
833 3271 913 3328 efficit,
930 3271 1045 3320 viriditate

175 3328 341 3384 arborunaetc.

204 3407 225 3438 ¹²
240 3408 493 3465 qsrnrumitndcscriutn
503 3409 614 3456 distiumr'n
634 3409 671 3469 ast]
693 3423 750 3470 quae
765 3409 797 3456 ita
814 3409 938 3456 collocatae
954 3417 1004 3458 sunt
1020 3415 1044 3458 et

176 3465 306 3526 dispositae,
322 3469 401 3526 figuras
419 3468 521 3518 efficiant.
538 3469 620 3514 niurilea
641 3468 798 3522 animantibus,
819 3477 860 3515 etc.
883 3469 941 3515 rrode
956 3470 1045 3516 uomina

177 3530 321 3630 sewinus
351 3527 395 3596 tro
403 3531 508 3576 mbram
516 3529 575 3576 Mu.
586 3527 677 3590 quidam
686 3527 754 3576 etiam
761 3529 804 3578 aa.
816 3533 839 3576 et
849 3529 900 3578 edd.
912 3531 968 3578 ven.
979 3534 1045 3578 notar

177 3597 206 3643 qo
245 3599 289 3632 non
299 3586 409 3647 displicet.
