<?xml version="1.0" encoding="UTF-8"?>
<!DOCTYPE html PUBLIC "-//W3C//DTD XHTML 1.0 Transitional//EN"
    "http://www.w3.org/TR/xhtml1/DTD/xhtml1-transitional.dtd">
<html xmlns="http://www.w3.org/1999/xhtml" xml:lang="en" lang="en">
 <head>
  <title>
</title>
<meta http-equiv="Content-Type" content="text/html;charset=utf-8" />
  <meta name='ocr-system' content='tesseract 3.04.00' />
  <meta name='ocr-capabilities' content='ocr_page ocr_carea ocr_par ocr_line ocrx_word'/>
</head>
<body>
  <div class='ocr_page' id='page_1' title='image "./mtvlliiciceroni11cicegoog/mtvlliiciceroni11cicegoog_0444.png"; bbox 0 0 2538 4188; ppageno 0'>
   <div class='ocr_carea' id='block_1_1' title="bbox 462 349 1036 418">
    <p class='ocr_par' dir='ltr' id='par_1_1' title="bbox 462 349 1036 418">
     <span class='ocr_line' id='line_1_1' title="bbox 462 349 1036 418; baseline 0.024 -20"><span class='ocrx_word' id='word_1_1' title='bbox 462 351 561 400; x_wconf 78' lang='lat' dir='ltr'>LIBER</span> <span class='ocrx_word' id='word_1_2' title='bbox 576 349 725 400; x_wconf 78' lang='lat' dir='ltr'><strong>TERTIUS.</strong></span> <span class='ocrx_word' id='word_1_3' title='bbox 971 359 1036 418; x_wconf 73' lang='grc'><strong>433</strong></span> 
     </span>
    </p>
   </div>
   <div class='ocr_carea' id='block_1_2' title="bbox 77 497 1089 2948">
    <p class='ocr_par' dir='ltr' id='par_1_2' title="bbox 77 497 1076 2359">
     <span class='ocr_line' id='line_1_2' title="bbox 170 497 1038 580; baseline 0.002 -22"><span class='ocrx_word' id='word_1_4' title='bbox 170 499 200 559; x_wconf 86' lang='lat' dir='ltr'><strong>ia</strong></span> <span class='ocrx_word' id='word_1_5' title='bbox 213 507 303 560; x_wconf 84' lang='lat' dir='ltr'><strong>monte</strong></span> <span class='ocrx_word' id='word_1_6' title='bbox 317 497 419 556; x_wconf 84' lang='lat' dir='ltr'><strong>Oetaeo</strong></span> <span class='ocrx_word' id='word_1_7' title='bbox 441 497 538 558; x_wconf 82' lang='lat' dir='ltr'><strong>illatae</strong></span> <span class='ocrx_word' id='word_1_8' title='bbox 550 499 693 578; x_wconf 79' lang='lat' dir='ltr'><strong>lancpndes</strong></span> <span class='ocrx_word' id='word_1_9' title='bbox 701 497 825 580; x_wconf 75' lang='lat' dir='ltr'><strong>sanim,</strong></span> <span class='ocrx_word' id='word_1_10' title='bbox 839 501 871 558; x_wconf 90' lang='lat' dir='ltr'><strong>ut</strong></span> <span class='ocrx_word' id='word_1_11' title='bbox 891 499 933 558; x_wconf 90' lang='lat' dir='ltr'><strong>ait</strong></span> <span class='ocrx_word' id='word_1_12' title='bbox 948 501 1038 560; x_wconf 86' lang='lat' dir='ltr'><strong>Acci·</strong></span> 
     </span>
     <span class='ocr_line' id='line_1_3' title="bbox 166 599 1038 678; baseline -0.001 -19"><span class='ocrx_word' id='word_1_13' title='bbox 166 619 210 670; x_wconf 90' lang='lat' dir='ltr'><strong>us,</strong></span> <span class='ocrx_word' id='word_1_14' title='bbox 220 600 252 657; x_wconf 85' lang='lat' dir='ltr'><strong>in</strong></span> <span class='ocrx_word' id='word_1_15' title='bbox 266 599 377 656; x_wconf 72' lang='lat' dir='ltr'><strong>donarem</strong></span> <span class='ocrx_word' id='word_1_16' title='bbox 390 605 531 656; x_wconf 72' lang='lat' dir='ltr'><strong><em>aeternam</em></strong></span> <span class='ocrx_word' id='word_1_17' title='bbox 550 599 645 678; x_wconf 73' lang='lat' dir='ltr'><strong>putria</strong></span> <span class='ocrx_word' id='word_1_18' title='bbox 659 619 697 658; x_wconf 83' lang='lat' dir='ltr'><strong>ex</strong></span> <span class='ocrx_word' id='word_1_19' title='bbox 712 601 763 658; x_wconf 94' lang='lat' dir='ltr'><strong>illo</strong></span> <span class='ocrx_word' id='word_1_20' title='bbox 783 601 884 658; x_wconf 86' lang='lat' dir='ltr'><strong>ardore</strong></span> <span class='ocrx_word' id='word_1_21' title='bbox 898 618 1038 674; x_wconf 88' lang='lat' dir='ltr'><strong>pervene-</strong></span> 
     </span>
     <span class='ocr_line' id='line_1_4' title="bbox 165 687 1047 774; baseline 0.001 -17"><span class='ocrx_word' id='word_1_22' title='bbox 165 701 213 757; x_wconf 73' lang='lat' dir='ltr'><strong>rit,</strong></span> <span class='ocrx_word' id='word_1_23' title='bbox 242 717 327 774; x_wconf 88' lang='lat' dir='ltr'><strong>quem</strong></span> <span class='ocrx_word' id='word_1_24' title='bbox 355 704 453 756; x_wconf 88' lang='lat' dir='ltr'><strong>tamen</strong></span> <span class='ocrx_word' id='word_1_25' title='bbox 476 700 617 758; x_wconf 79' lang='lat' dir='ltr'><strong>Homerus</strong></span> <span class='ocrx_word' id='word_1_26' title='bbox 644 701 798 764; x_wconf 79' lang='lat' dir='ltr'><strong>conveniri</strong></span> <span class='ocrx_word' id='word_1_27' title='bbox 827 701 902 774; x_wconf 90' lang='lat' dir='ltr'><strong>apud</strong></span> <span class='ocrx_word' id='word_1_28' title='bbox 930 687 1047 758; x_wconf 49' lang='lat' dir='ltr'><strong>interos¹</strong></span> 
     </span>
     <span class='ocr_line' id='line_1_5' title="bbox 166 796 1040 876; baseline 0.001 -21"><span class='ocrx_word' id='word_1_29' title='bbox 166 796 238 855; x_wconf 88' lang='lat' dir='ltr'><strong>lacit</strong></span> <span class='ocrx_word' id='word_1_30' title='bbox 266 799 303 854; x_wconf 90' lang='lat' dir='ltr'><strong>ab</strong></span> <span class='ocrx_word' id='word_1_31' title='bbox 324 797 443 872; x_wconf 87' lang='lat' dir='ltr'><strong>Ulysse,</strong></span> <span class='ocrx_word' id='word_1_32' title='bbox 465 798 539 856; x_wconf 89' lang='lat' dir='ltr'><strong>sicut</strong></span> <span class='ocrx_word' id='word_1_33' title='bbox 553 805 675 868; x_wconf 86' lang='lat' dir='ltr'><strong>ceteros,</strong></span> <span class='ocrx_word' id='word_1_34' title='bbox 690 802 738 876; x_wconf 90' lang='lat' dir='ltr'><strong>qui</strong></span> <span class='ocrx_word' id='word_1_35' title='bbox 761 802 951 858; x_wconf 83' lang='lat' dir='ltr'><strong>excesserant</strong></span> <span class='ocrx_word' id='word_1_36' title='bbox 965 799 1040 857; x_wconf 86' lang='lat' dir='ltr'><strong>vita:</strong></span> 
     </span>
     <span class='ocr_line' id='line_1_6' title="bbox 168 897 1038 972; baseline 0.002 -19"><span class='ocrx_word' id='word_1_37' title='bbox 168 897 358 970; x_wconf 80' lang='lat' dir='ltr'><strong>Quamquam,</strong></span> <span class='ocrx_word' id='word_1_38' title='bbox 385 915 471 972; x_wconf 87' lang='lat' dir='ltr'><strong>quern</strong></span> <span class='ocrx_word' id='word_1_39' title='bbox 506 899 685 972; x_wconf 86' lang='lat' dir='ltr'><strong>potissimum</strong></span> <span class='ocrx_word' id='word_1_40' title='bbox 712 901 870 955; x_wconf 81' lang='lat' dir='ltr'><strong>Herculem</strong></span> <span class='ocrx_word' id='word_1_41' title='bbox 898 900 1038 967; x_wconf 83' lang='lat' dir='ltr'><strong>colamus,</strong></span> 
     </span>
     <span class='ocr_line' id='line_1_7' title="bbox 164 996 1038 1072; baseline 0.001 -19"><span class='ocrx_word' id='word_1_42' title='bbox 164 996 241 1053; x_wconf 81' lang='lat' dir='ltr'><strong>scire</strong></span> <span class='ocrx_word' id='word_1_43' title='bbox 255 1014 325 1053; x_wconf 90' lang='lat' dir='ltr'><strong>sane</strong></span> <span class='ocrx_word' id='word_1_44' title='bbox 338 997 435 1054; x_wconf 88' lang='lat' dir='ltr'><strong>velim.</strong></span> <span class='ocrx_word' id='word_1_45' title='bbox 449 999 543 1071; x_wconf 88' lang='lat' dir='ltr'><strong>plures</strong></span> <span class='ocrx_word' id='word_1_46' title='bbox 559 999 638 1055; x_wconf 90' lang='lat' dir='ltr'><strong>enim</strong></span> <span class='ocrx_word' id='word_1_47' title='bbox 654 1000 770 1054; x_wconf 87' lang='lat' dir='ltr'><strong>tradunt</strong></span> <span class='ocrx_word' id='word_1_48' title='bbox 787 997 871 1054; x_wconf 90' lang='lat' dir='ltr'><strong>nobis</strong></span> <span class='ocrx_word' id='word_1_49' title='bbox 885 996 915 1064; x_wconf 89' lang='lat' dir='ltr'><strong>ii,</strong></span> <span class='ocrx_word' id='word_1_50' title='bbox 936 997 985 1072; x_wconf 91' lang='lat' dir='ltr'><strong>qui</strong></span> <span class='ocrx_word' id='word_1_51' title='bbox 995 997 1038 1055; x_wconf 92' lang='lat' dir='ltr'><strong>in·</strong></span> 
     </span>
     <span class='ocr_line' id='line_1_8' title="bbox 166 1078 1039 1172; baseline 0.002 -20"><span class='ocrx_word' id='word_1_52' title='bbox 166 1095 285 1153; x_wconf 89' lang='lat' dir='ltr'><strong>teriores</strong></span> <span class='ocrx_word' id='word_1_53' title='bbox 300 1103 462 1154; x_wconf 81' lang='lat' dir='ltr'><strong>scrutantur</strong></span> <span class='ocrx_word' id='word_1_54' title='bbox 474 1078 504 1154; x_wconf 78' lang='lat' dir='ltr'><strong>ei</strong></span> <span class='ocrx_word' id='word_1_55' title='bbox 526 1099 691 1154; x_wconf 86' lang='lat' dir='ltr'><strong>reconditas</strong></span> <span class='ocrx_word' id='word_1_56' title='bbox 717 1095 846 1153; x_wconf 81' lang='lat' dir='ltr'><strong>litteras:</strong></span> <span class='ocrx_word' id='word_1_57' title='bbox 875 1095 1039 1172; x_wconf 87' lang='lat' dir='ltr'><strong>antiquissi-</strong></span> 
     </span>
     <span class='ocr_line' id='line_1_9' title="bbox 166 1195 1038 1270; baseline 0 -16"><span class='ocrx_word' id='word_1_58' title='bbox 166 1214 254 1263; x_wconf 91' lang='lat' dir='ltr'><strong>mum,</strong></span> <span class='ocrx_word' id='word_1_59' title='bbox 278 1197 355 1253; x_wconf 84' lang='lat' dir='ltr'>Jove</span> <span class='ocrx_word' id='word_1_60' title='bbox 370 1202 478 1264; x_wconf 88' lang='lat' dir='ltr'><strong>natum,</strong></span> <span class='ocrx_word' id='word_1_61' title='bbox 499 1197 549 1254; x_wconf 88' lang='lat' dir='ltr'><strong>sed</strong></span> <span class='ocrx_word' id='word_1_62' title='bbox 565 1195 767 1270; x_wconf 88' lang='lat' dir='ltr'><strong>antiquissimo</strong></span> <span class='ocrx_word' id='word_1_63' title='bbox 781 1195 851 1252; x_wconf 89' lang='lat' dir='ltr'><strong>item</strong></span> <span class='ocrx_word' id='word_1_64' title='bbox 866 1196 954 1252; x_wconf 87' lang='lat' dir='ltr'><strong>Jove.</strong></span> <span class='ocrx_word' id='word_1_65' title='bbox 970 1211 1038 1254; x_wconf 88' lang='lat' dir='ltr'><strong>nam</strong></span> 
     </span>
     <span class='ocr_line' id='line_1_10' title="bbox 167 1294 1038 1370; baseline -0.002 -18"><span class='ocrx_word' id='word_1_66' title='bbox 167 1295 259 1352; x_wconf 90' lang='lat' dir='ltr'><strong>Joves</strong></span> <span class='ocrx_word' id='word_1_67' title='bbox 275 1313 388 1370; x_wconf 85' lang='lat' dir='ltr'><strong>quoqne</strong></span> <span class='ocrx_word' id='word_1_68' title='bbox 404 1297 498 1368; x_wconf 85' lang='lat' dir='ltr'><strong>plures</strong></span> <span class='ocrx_word' id='word_1_69' title='bbox 513 1297 543 1353; x_wconf 92' lang='lat' dir='ltr'><strong>in</strong></span> <span class='ocrx_word' id='word_1_70' title='bbox 560 1294 666 1368; x_wconf 85' lang='lat' dir='ltr'><strong>priscis¹</strong></span> <span class='ocrx_word' id='word_1_71' title='bbox 677 1294 855 1364; x_wconf 78' lang='lat' dir='ltr'><strong>Graecorum</strong></span> <span class='ocrx_word' id='word_1_72' title='bbox 877 1294 980 1352; x_wconf 86' lang='lat' dir='ltr'><strong>litteris</strong></span> <span class='ocrx_word' id='word_1_73' title='bbox 995 1295 1038 1351; x_wconf 93' lang='lat' dir='ltr'><strong>in·</strong></span> 
     </span>
     <span class='ocr_line' id='line_1_11' title="bbox 165 1393 1039 1467; baseline -0.006 -13"><span class='ocrx_word' id='word_1_74' title='bbox 165 1395 309 1454; x_wconf 86' lang='lat' dir='ltr'><strong>venimus.</strong></span> <span class='ocrx_word' id='word_1_75' title='bbox 321 1411 359 1450; x_wconf 84' lang='lat' dir='ltr'><strong>ex</strong></span> <span class='ocrx_word' id='word_1_76' title='bbox 373 1411 411 1449; x_wconf 90' lang='lat' dir='ltr'><strong>eo</strong></span> <span class='ocrx_word' id='word_1_77' title='bbox 424 1393 511 1467; x_wconf 84' lang='lat' dir='ltr'><strong>igitur</strong></span> <span class='ocrx_word' id='word_1_78' title='bbox 521 1399 550 1450; x_wconf 88' lang='lat' dir='ltr'><strong>et</strong></span> <span class='ocrx_word' id='word_1_79' title='bbox 566 1395 671 1466; x_wconf 84' lang='lat' dir='ltr'><strong>Lisyto</strong></span> <span class='ocrx_word' id='word_1_80' title='bbox 685 1399 730 1451; x_wconf 82' lang='lat' dir='ltr'><strong>est</strong></span> <span class='ocrx_word' id='word_1_81' title='bbox 744 1394 770 1450; x_wconf 90' lang='lat' dir='ltr'><strong>is</strong></span> <span class='ocrx_word' id='word_1_82' title='bbox 786 1396 938 1460; x_wconf 86' lang='lat' dir='ltr'><strong>Hercules,</strong></span> <span class='ocrx_word' id='word_1_83' title='bbox 951 1409 1039 1467; x_wconf 84' lang='lat' dir='ltr'><strong>quern</strong></span> 
     </span>
     <span class='ocr_line' id='line_1_12' title="bbox 77 1492 1038 1572; baseline -0.004 -21"><span class='ocrx_word' id='word_1_84' title='bbox 77 1553 98 1572; x_wconf 37' lang='grc' dir='ltr'><em>Ι</em></span> <span class='ocrx_word' id='word_1_85' title='bbox 166 1493 383 1551; x_wconf 79' lang='lat' dir='ltr'><strong>concertavisse</strong></span> <span class='ocrx_word' id='word_1_86' title='bbox 405 1510 472 1548; x_wconf 89' lang='lat' dir='ltr'><strong>cnm</strong></span> <span class='ocrx_word' id='word_1_87' title='bbox 503 1493 641 1564; x_wconf 85' lang='lat' dir='ltr'><strong>Apolline</strong></span> <span class='ocrx_word' id='word_1_88' title='bbox 664 1494 701 1549; x_wconf 88' lang='lat' dir='ltr'><strong>de</strong></span> <span class='ocrx_word' id='word_1_89' title='bbox 726 1492 838 1566; x_wconf 81' lang='lat' dir='ltr'><strong>tripode</strong></span> <span class='ocrx_word' id='word_1_90' title='bbox 861 1493 1038 1564; x_wconf 88' lang='lat' dir='ltr'><strong>accepimus.</strong></span> 
     </span>
     <span class='ocr_line' id='line_1_13' title="bbox 166 1573 1076 1666; baseline -0.003 -16"><span class='ocrx_word' id='word_1_91' title='bbox 166 1595 239 1650; x_wconf 89' lang='lat' dir='ltr'><strong>alter</strong></span> <span class='ocrx_word' id='word_1_92' title='bbox 264 1591 385 1649; x_wconf 84' lang='lat' dir='ltr'><strong>traditur</strong></span> <span class='ocrx_word' id='word_1_93' title='bbox 417 1590 488 1647; x_wconf 92' lang='lat' dir='ltr'><strong>Nilo</strong></span> <span class='ocrx_word' id='word_1_94' title='bbox 517 1596 610 1657; x_wconf 90' lang='lat' dir='ltr'><strong>natus,</strong></span> <span class='ocrx_word' id='word_1_95' title='bbox 637 1592 820 1666; x_wconf 79' lang='lat' dir='ltr'><strong>Aegyptius:</strong></span> <span class='ocrx_word' id='word_1_96' title='bbox 842 1607 927 1664; x_wconf 90' lang='lat' dir='ltr'><strong>quern</strong></span> <span class='ocrx_word' id='word_1_97' title='bbox 958 1591 1039 1664; x_wconf 89' lang='lat' dir='ltr'><strong>ajunt</strong></span> <span class='ocrx_word' id='word_1_98' title='bbox 1070 1573 1076 1580; x_wconf 48' lang='grc'><strong>’</strong></span> 
     </span>
     <span class='ocr_line' id='line_1_14' title="bbox 164 1689 1038 1765; baseline -0.002 -17"><span class='ocrx_word' id='word_1_99' title='bbox 164 1689 339 1765; x_wconf 63' lang='lat' dir='ltr'><strong>⁴8Phrygias</strong></span> <span class='ocrx_word' id='word_1_100' title='bbox 370 1692 482 1747; x_wconf 87' lang='lat' dir='ltr'><strong>litteras</strong></span> <span class='ocrx_word' id='word_1_101' title='bbox 507 1690 723 1762; x_wconf 85' lang='lat' dir='ltr'><strong>conscripsisse.</strong></span> <span class='ocrx_word' id='word_1_102' title='bbox 780 1689 900 1746; x_wconf 78' lang='lat' dir='ltr'><strong>Tertius</strong></span> <span class='ocrx_word' id='word_1_103' title='bbox 928 1693 973 1745; x_wconf 91' lang='lat' dir='ltr'><strong>est</strong></span> <span class='ocrx_word' id='word_1_104' title='bbox 999 1706 1038 1746; x_wconf 82' lang='lat' dir='ltr'><strong>ex</strong></span> 
     </span>
     <span class='ocr_line' id='line_1_15' title="bbox 166 1787 1038 1864; baseline -0.002 -18"><span class='ocrx_word' id='word_1_105' title='bbox 166 1791 265 1847; x_wconf 81' lang='lat' dir='ltr'><strong>Idaeis</strong></span> <span class='ocrx_word' id='word_1_106' title='bbox 282 1789 406 1864; x_wconf 85' lang='lat' dir='ltr'><strong>Digitis:</strong></span> <span class='ocrx_word' id='word_1_107' title='bbox 426 1787 506 1846; x_wconf 69' lang='lat' dir='ltr'><strong>⁴⁷cui</strong></span> <span class='ocrx_word' id='word_1_108' title='bbox 531 1789 646 1845; x_wconf 85' lang='lat' dir='ltr'><strong>inferias</strong></span> <span class='ocrx_word' id='word_1_109' title='bbox 671 1787 802 1844; x_wconf 82' lang='lat' dir='ltr'><strong>afferunt.</strong></span> <span class='ocrx_word' id='word_1_110' title='bbox 845 1788 970 1860; x_wconf 78' lang='lat' dir='ltr'><strong>Quartus</strong></span> <span class='ocrx_word' id='word_1_111' title='bbox 984 1793 1038 1855; x_wconf 86' lang='lat' dir='ltr'><strong>est,</strong></span> 
     </span>
     <span class='ocr_line' id='line_1_16' title="bbox 166 1886 1038 1960; baseline 0.001 -15"><span class='ocrx_word' id='word_1_112' title='bbox 166 1888 253 1945; x_wconf 92' lang='lat' dir='ltr'><strong>Jovis</strong></span> <span class='ocrx_word' id='word_1_113' title='bbox 275 1894 304 1945; x_wconf 87' lang='lat' dir='ltr'><strong>et</strong></span> <span class='ocrx_word' id='word_1_114' title='bbox 322 1887 464 1954; x_wconf 84' lang='lat' dir='ltr'><strong>Asteriae,</strong></span> <span class='ocrx_word' id='word_1_115' title='bbox 479 1887 612 1945; x_wconf 86' lang='lat' dir='ltr'><strong>Latonae</strong></span> <span class='ocrx_word' id='word_1_116' title='bbox 626 1887 740 1956; x_wconf 87' lang='lat' dir='ltr'><strong>sororis,</strong></span> <span class='ocrx_word' id='word_1_117' title='bbox 756 1887 804 1960; x_wconf 92' lang='lat' dir='ltr'><strong>qui</strong></span> <span class='ocrx_word' id='word_1_118' title='bbox 820 1887 896 1960; x_wconf 75' lang='lat' dir='ltr'><strong>&#39;l&#39;yri</strong></span> <span class='ocrx_word' id='word_1_119' title='bbox 911 1886 1038 1946; x_wconf 83' lang='lat' dir='ltr'><strong>maxima</strong></span> 
     </span>
     <span class='ocr_line' id='line_1_17' title="bbox 166 1981 1038 2062; baseline 0 -17"><span class='ocrx_word' id='word_1_120' title='bbox 166 1989 286 2055; x_wconf 81' lang='lat' dir='ltr'><strong>colitur3</strong></span> <span class='ocrx_word' id='word_1_121' title='bbox 307 1988 390 2062; x_wconf 88' lang='lat' dir='ltr'><strong>cujus</strong></span> <span class='ocrx_word' id='word_1_122' title='bbox 415 1987 626 2061; x_wconf 85' lang='lat' dir='ltr'><strong>Karthaginem</strong></span> <span class='ocrx_word' id='word_1_123' title='bbox 649 1981 746 2044; x_wconf 82' lang='lat' dir='ltr'><strong>filiam&#39;</strong></span> <span class='ocrx_word' id='word_1_124' title='bbox 766 1986 870 2042; x_wconf 87' lang='lat' dir='ltr'><strong>lerunt.</strong></span> <span class='ocrx_word' id='word_1_125' title='bbox 893 1987 1038 2060; x_wconf 78' lang='lat' dir='ltr'><strong>&#39;Quintus</strong></span> 
     </span>
     <span class='ocr_line' id='line_1_18' title="bbox 123 2084 1038 2170; baseline -0.005 -23"><span class='ocrx_word' id='word_1_126' title='bbox 123 2139 129 2147; x_wconf 89' lang='lat'><strong>.</strong></span> <span class='ocrx_word' id='word_1_127' title='bbox 166 2089 196 2146; x_wconf 90' lang='lat' dir='ltr'><strong>in</strong></span> <span class='ocrx_word' id='word_1_128' title='bbox 213 2089 307 2155; x_wconf 90' lang='lat' dir='ltr'><strong>India,</strong></span> <span class='ocrx_word' id='word_1_129' title='bbox 322 2087 369 2164; x_wconf 90' lang='lat' dir='ltr'><strong>qui</strong></span> <span class='ocrx_word' id='word_1_130' title='bbox 386 2089 474 2156; x_wconf 86' lang='lat' dir='ltr'><strong>Belus</strong></span> <span class='ocrx_word' id='word_1_131' title='bbox 489 2084 605 2143; x_wconf 91' lang='lat' dir='ltr'><strong>dicitur.</strong></span> <span class='ocrx_word' id='word_1_132' title='bbox 649 2087 758 2170; x_wconf 68' lang='lat' dir='ltr'><strong>Sextus</strong></span> <span class='ocrx_word' id='word_1_133' title='bbox 781 2085 829 2142; x_wconf 90' lang='lat' dir='ltr'><strong>hic</strong></span> <span class='ocrx_word' id='word_1_134' title='bbox 844 2104 883 2142; x_wconf 85' lang='lat' dir='ltr'><strong>ex</strong></span> <span class='ocrx_word' id='word_1_135' title='bbox 900 2088 1038 2144; x_wconf 89' lang='lat' dir='ltr'><strong>Alcume-</strong></span> 
     </span>
     <span class='ocr_line' id='line_1_19' title="bbox 167 2169 1038 2264; baseline -0.005 -20"><span class='ocrx_word' id='word_1_136' title='bbox 167 2206 213 2255; x_wconf 91' lang='lat' dir='ltr'><strong>na,</strong></span> <span class='ocrx_word' id='word_1_137' title='bbox 222 2206 306 2262; x_wconf 85' lang='lat' dir='ltr'><strong>quern</strong></span> <span class='ocrx_word' id='word_1_138' title='bbox 316 2186 430 2260; x_wconf 87' lang='lat' dir='ltr'><strong>Jupiter</strong></span> <span class='ocrx_word' id='word_1_139' title='bbox 440 2185 550 2260; x_wconf 83' lang='lat' dir='ltr'><strong>genuit,</strong></span> <span class='ocrx_word' id='word_1_140' title='bbox 561 2186 612 2241; x_wconf 91' lang='lat' dir='ltr'><strong>sed</strong></span> <span class='ocrx_word' id='word_1_141' title='bbox 630 2185 729 2264; x_wconf 86' lang='lat' dir='ltr'><strong>tertias</strong></span> <span class='ocrx_word' id='word_1_142' title='bbox 745 2169 878 2256; x_wconf 88' lang='lat' dir='ltr'><strong>Jupiter:</strong></span> <span class='ocrx_word' id='word_1_143' title='bbox 892 2185 1038 2258; x_wconf 89' lang='lat' dir='ltr'><strong>quoniam,</strong></span> 
     </span>
     <span class='ocr_line' id='line_1_20' title="bbox 167 2283 908 2359; baseline -0.007 -16"><span class='ocrx_word' id='word_1_144' title='bbox 167 2291 198 2343; x_wconf 92' lang='lat' dir='ltr'><strong>ut</strong></span> <span class='ocrx_word' id='word_1_145' title='bbox 206 2287 270 2359; x_wconf 84' lang='lat' dir='ltr'><strong>jam</strong></span> <span class='ocrx_word' id='word_1_146' title='bbox 281 2288 401 2351; x_wconf 84' lang='lat' dir='ltr'><strong>docebo,</strong></span> <span class='ocrx_word' id='word_1_147' title='bbox 413 2287 508 2356; x_wconf 87' lang='lat' dir='ltr'><strong>plures</strong></span> <span class='ocrx_word' id='word_1_148' title='bbox 523 2285 616 2339; x_wconf 89' lang='lat' dir='ltr'><strong>Joves</strong></span> <span class='ocrx_word' id='word_1_149' title='bbox 631 2283 720 2338; x_wconf 88' lang='lat' dir='ltr'><strong>etiarn</strong></span> <span class='ocrx_word' id='word_1_150' title='bbox 731 2283 908 2356; x_wconf 86' lang='lat' dir='ltr'><strong>accepimus.</strong></span> 
     </span>
    </p>

    <p class='ocr_par' dir='ltr' id='par_1_3' title="bbox 167 2379 1089 2948">
     <span class='ocr_line' id='line_1_21' title="bbox 208 2379 1089 2454; baseline 0.007 -17"><span class='ocrx_word' id='word_1_151' title='bbox 208 2383 333 2454; x_wconf 76' lang='lat' dir='ltr'><strong>Quando</strong></span> <span class='ocrx_word' id='word_1_152' title='bbox 348 2381 425 2436; x_wconf 91' lang='lat' dir='ltr'><strong>enim</strong></span> <span class='ocrx_word' id='word_1_153' title='bbox 441 2398 486 2436; x_wconf 88' lang='lat' dir='ltr'><strong>me</strong></span> <span class='ocrx_word' id='word_1_154' title='bbox 511 2380 541 2434; x_wconf 90' lang='lat' dir='ltr'><strong>in</strong></span> <span class='ocrx_word' id='word_1_155' title='bbox 564 2380 641 2434; x_wconf 90' lang='lat' dir='ltr'><strong>bunc</strong></span> <span class='ocrx_word' id='word_1_156' title='bbox 670 2381 765 2434; x_wconf 90' lang='lat' dir='ltr'><strong>locum</strong></span> <span class='ocrx_word' id='word_1_157' title='bbox 788 2381 910 2436; x_wconf 80' lang='lat' dir='ltr'><strong>deduxit</strong></span> <span class='ocrx_word' id='word_1_158' title='bbox 936 2381 1037 2451; x_wconf 86' lang='lat' dir='ltr'><strong>oratio,</strong></span> <span class='ocrx_word' id='word_1_159' title='bbox 1052 2379 1089 2443; x_wconf 84' lang='lat' dir='ltr'><strong>ll</strong></span> 
     </span>
     <span class='ocr_line' id='line_1_22' title="bbox 167 2475 1039 2548; baseline -0.003 -9"><span class='ocrx_word' id='word_1_160' title='bbox 167 2483 289 2548; x_wconf 89' lang='lat' dir='ltr'><strong>docebo,</strong></span> <span class='ocrx_word' id='word_1_161' title='bbox 301 2479 419 2536; x_wconf 86' lang='lat' dir='ltr'><strong>meliora</strong></span> <span class='ocrx_word' id='word_1_162' title='bbox 434 2495 479 2534; x_wconf 91' lang='lat' dir='ltr'><strong>me</strong></span> <span class='ocrx_word' id='word_1_163' title='bbox 490 2475 628 2533; x_wconf 88' lang='lat' dir='ltr'><strong>didicisse</strong></span> <span class='ocrx_word' id='word_1_164' title='bbox 642 2475 678 2531; x_wconf 91' lang='lat' dir='ltr'><strong>de</strong></span> <span class='ocrx_word' id='word_1_165' title='bbox 693 2475 825 2530; x_wconf 87' lang='lat' dir='ltr'><strong>colendis</strong></span> <span class='ocrx_word' id='word_1_166' title='bbox 848 2477 904 2532; x_wconf 86' lang='lat' dir='ltr'><strong>diis</strong></span> <span class='ocrx_word' id='word_1_167' title='bbox 926 2477 1039 2536; x_wconf 89' lang='lat' dir='ltr'><strong>immor·</strong></span> 
     </span>
     <span class='ocr_line' id='line_1_23' title="bbox 167 2571 1039 2652; baseline -0.008 -14"><span class='ocrx_word' id='word_1_168' title='bbox 167 2579 274 2638; x_wconf 85' lang='lat' dir='ltr'><strong>talibus</strong></span> <span class='ocrx_word' id='word_1_169' title='bbox 289 2579 356 2652; x_wconf 89' lang='lat' dir='ltr'><strong>jure</strong></span> <span class='ocrx_word' id='word_1_170' title='bbox 381 2575 540 2650; x_wconf 67' lang='lat' dir='ltr'><strong>pontificio,</strong></span> <span class='ocrx_word' id='word_1_171' title='bbox 554 2581 584 2632; x_wconf 89' lang='lat' dir='ltr'><strong>et</strong></span> <span class='ocrx_word' id='word_1_172' title='bbox 604 2575 742 2651; x_wconf 52' lang='lat' dir='ltr'><strong>mariarum</strong></span> <span class='ocrx_word' id='word_1_173' title='bbox 758 2591 846 2640; x_wconf 85' lang='lat' dir='ltr'><strong>more,</strong></span> <span class='ocrx_word' id='word_1_174' title='bbox 866 2571 1039 2646; x_wconf 77' lang='lat' dir='ltr'><strong>⁴¹⁸capedun-</strong></span> 
     </span>
     <span class='ocr_line' id='line_1_24' title="bbox 168 2667 1040 2754; baseline -0.002 -18"><span class='ocrx_word' id='word_1_175' title='bbox 168 2679 252 2747; x_wconf 86' lang='lat' dir='ltr'><strong>culis,</strong></span> <span class='ocrx_word' id='word_1_176' title='bbox 266 2667 335 2754; x_wconf 89' lang='lat' dir='ltr'><strong>quas</strong></span> <span class='ocrx_word' id='word_1_177' title='bbox 359 2677 455 2732; x_wconf 87' lang='lat' dir='ltr'><strong>Numa</strong></span> <span class='ocrx_word' id='word_1_178' title='bbox 479 2675 562 2733; x_wconf 84' lang='lat' dir='ltr'><strong>nobis</strong></span> <span class='ocrx_word' id='word_1_179' title='bbox 585 2673 710 2748; x_wconf 85' lang='lat' dir='ltr'><strong>reliquit,</strong></span> <span class='ocrx_word' id='word_1_180' title='bbox 731 2673 884 2748; x_wconf 87' lang='lat' dir='ltr'><strong>dequibus</strong></span> <span class='ocrx_word' id='word_1_181' title='bbox 904 2670 963 2731; x_wconf 84' lang='lat' dir='ltr'><strong>⁴⁹in</strong></span> <span class='ocrx_word' id='word_1_182' title='bbox 988 2675 1040 2734; x_wconf 85' lang='lat' dir='ltr'><strong>illa</strong></span> 
     </span>
     <span class='ocr_line' id='line_1_25' title="bbox 170 2773 1038 2846; baseline -0.003 -11"><span class='ocrx_word' id='word_1_183' title='bbox 170 2781 286 2836; x_wconf 88' lang='lat' dir='ltr'><strong>aureola</strong></span> <span class='ocrx_word' id='word_1_184' title='bbox 310 2775 492 2833; x_wconf 86' lang='lat' dir='ltr'><strong>oratiuncula</strong></span> <span class='ocrx_word' id='word_1_185' title='bbox 518 2775 591 2832; x_wconf 91' lang='lat' dir='ltr'><strong>dicit</strong></span> <span class='ocrx_word' id='word_1_186' title='bbox 620 2773 749 2839; x_wconf 87' lang='lat' dir='ltr'><strong>Laelius,</strong></span> <span class='ocrx_word' id='word_1_187' title='bbox 770 2789 855 2846; x_wconf 88' lang='lat' dir='ltr'><strong>quarn</strong></span> <span class='ocrx_word' id='word_1_188' title='bbox 880 2774 1038 2833; x_wconf 82' lang='lat' dir='ltr'><strong>rationibus</strong></span> 
     </span>
     <span class='ocr_line' id='line_1_26' title="bbox 171 2871 1040 2948; baseline -0.002 -13"><span class='ocrx_word' id='word_1_189' title='bbox 171 2877 343 2942; x_wconf 79' lang='lat' dir='ltr'><strong>Stoicorum.</strong></span> <span class='ocrx_word' id='word_1_190' title='bbox 387 2875 421 2932; x_wconf 82' lang='lat' dir='ltr'><strong>Si</strong></span> <span class='ocrx_word' id='word_1_191' title='bbox 435 2875 513 2932; x_wconf 90' lang='lat' dir='ltr'><strong>enim</strong></span> <span class='ocrx_word' id='word_1_192' title='bbox 535 2891 587 2931; x_wconf 90' lang='lat' dir='ltr'><strong>vos</strong></span> <span class='ocrx_word' id='word_1_193' title='bbox 601 2889 712 2947; x_wconf 84' lang='lat' dir='ltr'><strong>sequar,</strong></span> <span class='ocrx_word' id='word_1_194' title='bbox 726 2871 783 2936; x_wconf 89' lang='lat' dir='ltr'><strong>dic,</strong></span> <span class='ocrx_word' id='word_1_195' title='bbox 798 2871 866 2946; x_wconf 90' lang='lat' dir='ltr'><strong>quid</strong></span> <span class='ocrx_word' id='word_1_196' title='bbox 880 2872 909 2929; x_wconf 91' lang='lat' dir='ltr'><strong>ei</strong></span> <span class='ocrx_word' id='word_1_197' title='bbox 924 2891 1040 2948; x_wconf 84' lang='lat' dir='ltr'><strong>respou-</strong></span> 
     </span>
    </p>
   </div>
   <div class='ocr_carea' id='block_1_3' title="bbox 96 3025 1041 3216">
    <p class='ocr_par' dir='ltr' id='par_1_4' title="bbox 96 3025 1041 3216">
     <span class='ocr_line' id='line_1_27' title="bbox 200 3025 1039 3090; baseline -0.002 -14"><span class='ocrx_word' id='word_1_198' title='bbox 200 3029 221 3062; x_wconf 79' lang='lat'><strong>⁴⁶</strong></span> <span class='ocrx_word' id='word_1_199' title='bbox 239 3029 349 3088; x_wconf 73' lang='lat' dir='ltr'><strong>Phrygios</strong></span> <span class='ocrx_word' id='word_1_200' title='bbox 367 3029 442 3076; x_wconf 79' lang='lat' dir='ltr'><strong>literas</strong></span> <span class='ocrx_word' id='word_1_201' title='bbox 461 3027 626 3090; x_wconf 77' lang='lat' dir='ltr'><strong>conscripsisse]</strong></span> <span class='ocrx_word' id='word_1_202' title='bbox 659 3025 760 3072; x_wconf 87' lang='lat' dir='ltr'><strong>Verbum</strong></span> <span class='ocrx_word' id='word_1_203' title='bbox 777 3026 928 3082; x_wconf 81' lang='lat' dir='ltr'><strong>crrucriprtae</strong></span> <span class='ocrx_word' id='word_1_204' title='bbox 948 3029 1039 3087; x_wconf 84' lang='lat' dir='ltr'><strong>indicat,</strong></span> 
     </span>
     <span class='ocr_line' id='line_1_28' title="bbox 156 3086 1041 3156; baseline -0.002 -20"><span class='ocrx_word' id='word_1_205' title='bbox 156 3089 251 3142; x_wconf 28' lang='lat' dir='ltr'><strong>*librum</strong></span> <span class='ocrx_word' id='word_1_206' title='bbox 272 3086 367 3148; x_wconf 77' lang='lat' dir='ltr'><strong>intelligi</strong></span> <span class='ocrx_word' id='word_1_207' title='bbox 385 3089 408 3136; x_wconf 90' lang='lat' dir='ltr'><strong>in</strong></span> <span class='ocrx_word' id='word_1_208' title='bbox 426 3087 527 3148; x_wconf 72' lang='lat' dir='ltr'><strong>pterygiis</strong></span> <span class='ocrx_word' id='word_1_209' title='bbox 544 3087 630 3133; x_wconf 84' lang='lat' dir='ltr'><strong>literis:</strong></span> <span class='ocrx_word' id='word_1_210' title='bbox 646 3103 727 3154; x_wconf 71' lang='lat' dir='ltr'><strong>agnyrn</strong></span> <span class='ocrx_word' id='word_1_211' title='bbox 742 3103 875 3156; x_wconf 63' lang='lat' dir='ltr'><strong>pgappaea</strong></span> <span class='ocrx_word' id='word_1_212' title='bbox 890 3094 1041 3134; x_wconf 85' lang='lat' dir='ltr'><strong>memorantur</strong></span> 
     </span>
     <span class='ocr_line' id='line_1_29' title="bbox 96 3151 853 3216; baseline -0.003 -17"><span class='ocrx_word' id='word_1_213' title='bbox 96 3158 97 3161; x_wconf 76' lang='grc'>’</span> <span class='ocrx_word' id='word_1_214' title='bbox 172 3152 232 3214; x_wconf 85' lang='lat' dir='ltr'><strong>apud</strong></span> <span class='ocrx_word' id='word_1_215' title='bbox 243 3151 355 3199; x_wconf 84' lang='lat' dir='ltr'><strong>Plutarch.</strong></span> <span class='ocrx_word' id='word_1_216' title='bbox 368 3153 396 3198; x_wconf 87' lang='lat' dir='ltr'><strong>de</strong></span> <span class='ocrx_word' id='word_1_217' title='bbox 407 3151 464 3198; x_wconf 83' lang='lat' dir='ltr'><strong>lside</strong></span> <span class='ocrx_word' id='word_1_218' title='bbox 474 3157 498 3197; x_wconf 87' lang='lat' dir='ltr'><strong>et</strong></span> <span class='ocrx_word' id='word_1_219' title='bbox 508 3151 567 3197; x_wconf 88' lang='lat' dir='ltr'><strong>Osir.</strong></span> <span class='ocrx_word' id='word_1_220' title='bbox 599 3151 652 3216; x_wconf 81' lang='lat' dir='ltr'><strong>Fuit</strong></span> <span class='ocrx_word' id='word_1_221' title='bbox 662 3153 719 3198; x_wconf 85' lang='lat' dir='ltr'><strong>liber</strong></span> <span class='ocrx_word' id='word_1_222' title='bbox 730 3152 853 3197; x_wconf 81' lang='lat' dir='ltr'><strong>historicus.</strong></span> 
     </span>
    </p>
   </div>
   <div class='ocr_carea' id='block_1_4' title="bbox 172 3228 1041 3410">
    <p class='ocr_par' dir='ltr' id='par_1_5' title="bbox 172 3228 1041 3410">
     <span class='ocr_line' id='line_1_30' title="bbox 200 3228 1041 3290; baseline -0.001 -13"><span class='ocrx_word' id='word_1_223' title='bbox 200 3228 223 3264; x_wconf 75' lang='lat'><strong>⁴¹⁷</strong></span> <span class='ocrx_word' id='word_1_224' title='bbox 240 3231 277 3277; x_wconf 85' lang='lat' dir='ltr'><strong>cui</strong></span> <span class='ocrx_word' id='word_1_225' title='bbox 286 3230 383 3289; x_wconf 71' lang='lat' dir='ltr'><strong>interior</strong></span> <span class='ocrx_word' id='word_1_226' title='bbox 397 3230 507 3290; x_wconf 70' lang='lat' dir='ltr'><strong>affimat]</strong></span> <span class='ocrx_word' id='word_1_227' title='bbox 523 3229 604 3289; x_wconf 78' lang='lat' dir='ltr'><strong>efferre</strong></span> <span class='ocrx_word' id='word_1_228' title='bbox 612 3231 641 3276; x_wconf 86' lang='lat' dir='ltr'><strong>de</strong></span> <span class='ocrx_word' id='word_1_229' title='bbox 651 3229 734 3276; x_wconf 78' lang='lat' dir='ltr'><strong>inferiis</strong></span> <span class='ocrx_word' id='word_1_230' title='bbox 744 3245 787 3276; x_wconf 90' lang='lat' dir='ltr'><strong>non</strong></span> <span class='ocrx_word' id='word_1_231' title='bbox 798 3229 885 3284; x_wconf 84' lang='lat' dir='ltr'><strong>dicitur,</strong></span> <span class='ocrx_word' id='word_1_232' title='bbox 896 3231 955 3290; x_wconf 89' lang='lat' dir='ltr'><strong>quod</strong></span> <span class='ocrx_word' id='word_1_233' title='bbox 965 3229 1041 3284; x_wconf 82' lang='lat' dir='ltr'><strong>sciam,</strong></span> 
     </span>
     <span class='ocr_line' id='line_1_31' title="bbox 172 3288 1041 3394; baseline -0.002 -57"><span class='ocrx_word' id='word_1_234' title='bbox 172 3290 289 3394; x_wconf 45' lang='lat' dir='ltr'><strong>cedema,</strong></span> <span class='ocrx_word' id='word_1_235' title='bbox 300 3290 393 3345; x_wconf 79' lang='lat' dir='ltr'><strong>mittere,</strong></span> <span class='ocrx_word' id='word_1_236' title='bbox 402 3292 461 3336; x_wconf 79' lang='lat' dir='ltr'><strong>darc.</strong></span> <span class='ocrx_word' id='word_1_237' title='bbox 484 3295 539 3350; x_wconf 93' lang='lat' dir='ltr'><strong>puto</strong></span> <span class='ocrx_word' id='word_1_238' title='bbox 556 3289 652 3350; x_wconf 85' lang='lat' dir='ltr'><strong>primam</strong></span> <span class='ocrx_word' id='word_1_239' title='bbox 662 3289 796 3346; x_wconf 85' lang='lat' dir='ltr'><strong>syllabame</strong></span> <span class='ocrx_word' id='word_1_240' title='bbox 812 3288 874 3336; x_wconf 82' lang='lat' dir='ltr'><strong>finali</strong></span> <span class='ocrx_word' id='word_1_241' title='bbox 888 3288 1041 3350; x_wconf 84' lang='lat' dir='ltr'><strong>praecedentis</strong></span> 
     </span>
     <span class='ocr_line' id='line_1_32' title="bbox 172 3347 597 3410; baseline 0 -15"><span class='ocrx_word' id='word_1_242' title='bbox 172 3363 214 3395; x_wconf 86' lang='lat' dir='ltr'><strong>ver</strong></span> <span class='ocrx_word' id='word_1_243' title='bbox 230 3365 236 3394; x_wconf 86' lang='grc' dir='ltr'><strong><em>ι</em></strong></span> <span class='ocrx_word' id='word_1_244' title='bbox 249 3353 332 3404; x_wconf 87' lang='lat' dir='ltr'><strong>natam,</strong></span> <span class='ocrx_word' id='word_1_245' title='bbox 344 3347 597 3410; x_wconf 80' lang='lat' dir='ltr'><strong>legendumqnefernat.</strong></span> 
     </span>
    </p>
   </div>
   <div class='ocr_carea' id='block_1_5' title="bbox 175 3423 1042 3546">
    <p class='ocr_par' dir='ltr' id='par_1_6' title="bbox 175 3423 1042 3546">
     <span class='ocr_line' id='line_1_33' title="bbox 175 3423 1042 3546; baseline -0.003 -71"><span class='ocrx_word' id='word_1_246' title='bbox 175 3427 222 3546; x_wconf 49' lang='grc' dir='ltr'><strong>αἱ</strong></span> <span class='ocrx_word' id='word_1_247' title='bbox 240 3427 447 3533; x_wconf 67' lang='lat' dir='ltr'><strong>capteduaeulisa&#39;ir]</strong></span> <span class='ocrx_word' id='word_1_248' title='bbox 464 3425 539 3473; x_wconf 85' lang='lat' dir='ltr'><strong>delevi</strong></span> <span class='ocrx_word' id='word_1_249' title='bbox 554 3427 591 3482; x_wconf 79' lang='lat' dir='ltr'><strong>its,</strong></span> <span class='ocrx_word' id='word_1_250' title='bbox 611 3425 739 3472; x_wconf 85' lang='lat' dir='ltr'><strong>auctoribus</strong></span> <span class='ocrx_word' id='word_1_251' title='bbox 758 3423 815 3474; x_wconf 79' lang='lat' dir='ltr'><strong>Mes.</strong></span> <span class='ocrx_word' id='word_1_252' title='bbox 836 3425 905 3472; x_wconf 87' lang='lat' dir='ltr'><strong>etiarn</strong></span> <span class='ocrx_word' id='word_1_253' title='bbox 925 3423 998 3472; x_wconf 84' lang='lat' dir='ltr'><strong>Gueli.</strong></span> <span class='ocrx_word' id='word_1_254' title='bbox 1018 3428 1042 3472; x_wconf 86' lang='lat' dir='ltr'><strong>et</strong></span> 
     </span>
     <span class='ocr_line' id='line_1_34' title="bbox 221 3502 266 3533; baseline -0.022 -1"><span class='ocrx_word' id='word_1_255' title='bbox 221 3522 226 3533; x_wconf 93' lang='lat'>.</span> <span class='ocrx_word' id='word_1_256' title='bbox 239 3502 266 3532; x_wconf 67' lang='lat' dir='ltr'><strong>VC</strong></span> 
     </span>
    </p>
   </div>
   <div class='ocr_carea' id='block_1_6' title="bbox 167 3559 1133 3670">
    <p class='ocr_par' dir='ltr' id='par_1_7' title="bbox 167 3559 1133 3670">
     <span class='ocr_line' id='line_1_35' title="bbox 199 3559 1133 3670; baseline -0.002 -60"><span class='ocrx_word' id='word_1_257' title='bbox 199 3565 221 3670; x_wconf 53' lang='grc' dir='ltr'><em>ξ</em></span> <span class='ocrx_word' id='word_1_258' title='bbox 235 3565 262 3612; x_wconf 82' lang='lat' dir='ltr'><strong>ta</strong></span> <span class='ocrx_word' id='word_1_259' title='bbox 280 3565 323 3612; x_wconf 81' lang='lat' dir='ltr'><strong>illa</strong></span> <span class='ocrx_word' id='word_1_260' title='bbox 340 3561 548 3613; x_wconf 63' lang='lat' dir='ltr'><strong>earnemcarnem</strong></span> <span class='ocrx_word' id='word_1_261' title='bbox 567 3559 668 3624; x_wconf 69' lang='lat' dir='ltr'><strong>helius]</strong></span> <span class='ocrx_word' id='word_1_262' title='bbox 701 3566 736 3610; x_wconf 81' lang='lat' dir='ltr'><strong>ert</strong></span> <span class='ocrx_word' id='word_1_263' title='bbox 748 3563 836 3620; x_wconf 84' lang='lat' dir='ltr'><strong>eadem,</strong></span> <span class='ocrx_word' id='word_1_264' title='bbox 847 3563 876 3610; x_wconf 83' lang='lat' dir='ltr'><strong>rie</strong></span> <span class='ocrx_word' id='word_1_265' title='bbox 885 3575 928 3623; x_wconf 89' lang='lat' dir='ltr'><strong>qna</strong></span> <span class='ocrx_word' id='word_1_266' title='bbox 938 3576 1003 3624; x_wconf 83' lang='lat' dir='ltr'><strong>supra</strong></span> <span class='ocrx_word' id='word_1_267' title='bbox 1014 3561 1044 3610; x_wconf 83' lang='lat' dir='ltr'><strong>ad</strong></span> <span class='ocrx_word' id='word_1_268' title='bbox 1130 3627 1133 3632; x_wconf 23' lang='grc'>1</span> 
     </span>
     <span class='ocr_line' id='line_1_36' title="bbox 167 3637 221 3670; baseline 0.019 -1"><span class='ocrx_word' id='word_1_269' title='bbox 167 3637 188 3670; x_wconf 83' lang='lat' dir='ltr'><strong>r.</strong></span> <span class='ocrx_word' id='word_1_270' title='bbox 216 3658 221 3670; x_wconf 92' lang='lat'><strong>.</strong></span> 
     </span>
    </p>
   </div>
   <div class='ocr_carea' id='block_1_7' title="bbox 211 3700 640 3764">
    <p class='ocr_par' dir='ltr' id='par_1_8' title="bbox 211 3700 640 3764">
     <span class='ocr_line' id='line_1_37' title="bbox 211 3700 640 3764; baseline -0.005 -2"><span class='ocrx_word' id='word_1_271' title='bbox 211 3721 282 3764; x_wconf 82' lang='lat' dir='ltr'><strong>von.</strong></span> <span class='ocrx_word' id='word_1_272' title='bbox 304 3722 357 3764; x_wconf 82' lang='lat' dir='ltr'><strong>xv.</strong></span> <span class='ocrx_word' id='word_1_273' title='bbox 564 3735 572 3742; x_wconf 92' lang='lat'><em>-</em></span> <span class='ocrx_word' id='word_1_274' title='bbox 603 3700 640 3760; x_wconf 75' lang='lat' dir='ltr'><strong>al</strong></span> 
     </span>
    </p>
   </div>
   <div class='ocr_carea' id='block_1_8' title="bbox 0 0 1281 4188">
    <p class='ocr_par' dir='ltr' id='par_1_9' title="bbox 0 0 1281 4188">
     <span class='ocr_line' id='line_1_38' title="bbox 0 0 1281 4188; baseline 0 0"><span class='ocrx_word' id='word_1_275' title='bbox 0 0 1281 4188; x_wconf 95' lang='lat' dir='ltr'><strong> </strong></span> 
     </span>
    </p>
   </div>
  </div>
 </body>
</html>
