<?xml version="1.0" encoding="UTF-8"?>
<!DOCTYPE html PUBLIC "-//W3C//DTD XHTML 1.0 Transitional//EN"
    "http://www.w3.org/TR/xhtml1/DTD/xhtml1-transitional.dtd">
<html xmlns="http://www.w3.org/1999/xhtml" xml:lang="en" lang="en">
 <head>
  <title>
</title>
<meta http-equiv="Content-Type" content="text/html;charset=utf-8" />
  <meta name='ocr-system' content='tesseract 3.04.00' />
  <meta name='ocr-capabilities' content='ocr_page ocr_carea ocr_par ocr_line ocrx_word'/>
</head>
<body>
  <div class='ocr_page' id='page_1' title='image "./mtvlliiciceroni11cicegoog/mtvlliiciceroni11cicegoog_0395.png"; bbox 0 0 2538 4188; ppageno 0'>
   <div class='ocr_carea' id='block_1_1' title="bbox 234 269 856 344">
    <p class='ocr_par' dir='ltr' id='par_1_1' title="bbox 234 269 856 344">
     <span class='ocr_line' id='line_1_1' title="bbox 234 269 856 344; baseline 0.002 -19"><span class='ocrx_word' id='word_1_1' title='bbox 234 281 300 344; x_wconf 58' lang='grc' dir='ltr'>ω</span> <span class='ocrx_word' id='word_1_2' title='bbox 482 271 529 324; x_wconf 78' lang='lat' dir='ltr'>ss</span> <span class='ocrx_word' id='word_1_3' title='bbox 549 271 692 324; x_wconf 71' lang='lat' dir='ltr'>urruns</span> <span class='ocrx_word' id='word_1_4' title='bbox 708 269 856 326; x_wconf 79' lang='lat' dir='ltr'>nnosuro</span> 
     </span>
    </p>
   </div>
   <div class='ocr_carea' id='block_1_2' title="bbox 269 419 996 675">
    <p class='ocr_par' dir='ltr' id='par_1_2' title="bbox 269 419 996 675">
     <span class='ocr_line' id='line_1_2' title="bbox 269 419 897 492; baseline 0.003 -16"><span class='ocrx_word' id='word_1_5' title='bbox 269 421 369 484; x_wconf 69' lang='lat' dir='ltr'>Parrus</span> <span class='ocrx_word' id='word_1_6' title='bbox 380 419 516 492; x_wconf 73' lang='lat' dir='ltr'>Vergilias</span> <span class='ocrx_word' id='word_1_7' title='bbox 529 425 606 476; x_wconf 86' lang='lat' dir='ltr'>tenni</span> <span class='ocrx_word' id='word_1_8' title='bbox 626 439 688 476; x_wconf 83' lang='lat' dir='ltr'>oum</span> <span class='ocrx_word' id='word_1_9' title='bbox 706 425 767 476; x_wconf 84' lang='lat' dir='ltr'>luce</span> <span class='ocrx_word' id='word_1_10' title='bbox 780 422 897 478; x_wconf 64' lang='lat' dir='ltr'>videbis</span> 
     </span>
     <span class='ocr_line' id='line_1_3' title="bbox 269 511 996 582; baseline 0.006 -16"><span class='ocrx_word' id='word_1_11' title='bbox 269 511 336 566; x_wconf 85' lang='lat' dir='ltr'>lnde</span> <span class='ocrx_word' id='word_1_12' title='bbox 353 524 377 556; x_wconf 63' lang='grc' dir='ltr'><strong><em>ω</em></strong></span> <span class='ocrx_word' id='word_1_13' title='bbox 385 511 465 566; x_wconf 79' lang='lat' dir='ltr'>Fides</span> <span class='ocrx_word' id='word_1_14' title='bbox 478 513 578 567; x_wconf 83' lang='lat' dir='ltr'>leviter</span> <span class='ocrx_word' id='word_1_15' title='bbox 589 515 688 582; x_wconf 78' lang='lat' dir='ltr'>posita,</span> <span class='ocrx_word' id='word_1_16' title='bbox 700 519 728 566; x_wconf 87' lang='lat' dir='ltr'>et</span> <span class='ocrx_word' id='word_1_17' title='bbox 743 529 865 570; x_wconf 73' lang='lat' dir='ltr'>convers</span> <span class='ocrx_word' id='word_1_18' title='bbox 876 511 996 570; x_wconf 80' lang='lat' dir='ltr'>videtur.</span> 
     </span>
     <span class='ocr_line' id='line_1_4' title="bbox 270 597 887 675; baseline 0.005 -19"><span class='ocrx_word' id='word_1_19' title='bbox 270 599 336 658; x_wconf 85' lang='lat' dir='ltr'>lude</span> <span class='ocrx_word' id='word_1_20' title='bbox 347 604 459 657; x_wconf 79' lang='lat' dir='ltr'>est&#39;sles</span> <span class='ocrx_word' id='word_1_21' title='bbox 471 607 529 657; x_wconf 83' lang='lat' dir='ltr'>svis</span> <span class='ocrx_word' id='word_1_22' title='bbox 542 604 598 658; x_wconf 81' lang='lat' dir='ltr'>lato</span> <span class='ocrx_word' id='word_1_23' title='bbox 610 606 659 657; x_wconf 84' lang='lat' dir='ltr'>suls</span> <span class='ocrx_word' id='word_1_24' title='bbox 671 607 793 675; x_wconf 80' lang='lat' dir='ltr'>tegmine</span> <span class='ocrx_word' id='word_1_25' title='bbox 805 597 887 659; x_wconf 78' lang='lat' dir='ltr'>caeli.</span> 
     </span>
    </p>
   </div>
   <div class='ocr_carea' id='block_1_3' title="bbox 234 753 1108 930">
    <p class='ocr_par' dir='ltr' id='par_1_3' title="bbox 234 753 1108 930">
     <span class='ocr_line' id='line_1_5' title="bbox 235 753 1108 862; baseline 0 -46"><span class='ocrx_word' id='word_1_26' title='bbox 235 753 337 862; x_wconf 69' lang='lat' dir='ltr'>(inniti</span> <span class='ocrx_word' id='word_1_27' title='bbox 349 759 447 812; x_wconf 80' lang='lat' dir='ltr'>sotem</span> <span class='ocrx_word' id='word_1_28' title='bbox 459 753 537 830; x_wconf 80' lang='lat' dir='ltr'>Equi</span> <span class='ocrx_word' id='word_1_29' title='bbox 550 755 697 829; x_wconf 82' lang='lat' dir='ltr'>proximat</span> <span class='ocrx_word' id='word_1_30' title='bbox 712 755 835 832; x_wconf 82' lang='lat' dir='ltr'>Aquarii</span> <span class='ocrx_word' id='word_1_31' title='bbox 848 755 962 827; x_wconf 81' lang='lat' dir='ltr'>dextra,</span> <span class='ocrx_word' id='word_1_32' title='bbox 974 759 1108 836; x_wconf 81' lang='lat' dir='ltr'>lutusque</span> 
     </span>
     <span class='ocr_line' id='line_1_6' title="bbox 234 853 551 930; baseline -0.009 -16"><span class='ocrx_word' id='word_1_33' title='bbox 234 854 375 929; x_wconf 78' lang='lat' dir='ltr'>deinceps</span> <span class='ocrx_word' id='word_1_34' title='bbox 396 853 551 930; x_wconf 76' lang='lat' dir='ltr'>Aquarius.</span> 
     </span>
    </p>
   </div>
   <div class='ocr_carea' id='block_1_4' title="bbox 269 1007 1004 1350">
    <p class='ocr_par' dir='ltr' id='par_1_4' title="bbox 269 1007 1004 1350">
     <span class='ocr_line' id='line_1_7' title="bbox 269 1007 1004 1081; baseline -0.003 -15"><span class='ocrx_word' id='word_1_35' title='bbox 269 1009 342 1066; x_wconf 81' lang='lat' dir='ltr'>Tum</span> <span class='ocrx_word' id='word_1_36' title='bbox 358 1009 478 1081; x_wconf 68' lang='lat' dir='ltr'>gelidum</span> <span class='ocrx_word' id='word_1_37' title='bbox 493 1008 582 1064; x_wconf 80' lang='lat' dir='ltr'>valido</span> <span class='ocrx_word' id='word_1_38' title='bbox 599 1008 634 1062; x_wconf 89' lang='lat' dir='ltr'>ds</span> <span class='ocrx_word' id='word_1_39' title='bbox 646 1013 760 1078; x_wconf 76' lang='lat' dir='ltr'>pectore</span> <span class='ocrx_word' id='word_1_40' title='bbox 773 1007 854 1078; x_wconf 75' lang='lat' dir='ltr'>lrigus</span> <span class='ocrx_word' id='word_1_41' title='bbox 866 1011 1004 1074; x_wconf 82' lang='lat' dir='ltr'>anhelans,</span> 
     </span>
     <span class='ocr_line' id='line_1_8' title="bbox 269 1099 986 1170; baseline -0.003 -14"><span class='ocrx_word' id='word_1_42' title='bbox 269 1100 417 1170; x_wconf 80' lang='lat' dir='ltr'>²¹Corpora</span> <span class='ocrx_word' id='word_1_43' title='bbox 430 1099 555 1154; x_wconf 79' lang='lat' dir='ltr'>semifero</span> <span class='ocrx_word' id='word_1_44' title='bbox 571 1115 666 1169; x_wconf 81' lang='lat' dir='ltr'>magno</span> <span class='ocrx_word' id='word_1_45' title='bbox 677 1099 855 1166; x_wconf 83' lang='lat' dir='ltr'>Capricornus</span> <span class='ocrx_word' id='word_1_46' title='bbox 870 1101 896 1152; x_wconf 89' lang='lat' dir='ltr'>in</span> <span class='ocrx_word' id='word_1_47' title='bbox 908 1102 986 1154; x_wconf 87' lang='lat' dir='ltr'>orbe.</span> 
     </span>
     <span class='ocr_line' id='line_1_9' title="bbox 270 1189 927 1258; baseline -0.003 -14"><span class='ocrx_word' id='word_1_48' title='bbox 270 1190 361 1249; x_wconf 82' lang='lat' dir='ltr'>Quem</span> <span class='ocrx_word' id='word_1_49' title='bbox 374 1206 436 1244; x_wconf 85' lang='lat' dir='ltr'>oum</span> <span class='ocrx_word' id='word_1_50' title='bbox 449 1195 582 1258; x_wconf 84' lang='lat' dir='ltr'>perpetuo</span> <span class='ocrx_word' id='word_1_51' title='bbox 594 1191 706 1242; x_wconf 82' lang='lat' dir='ltr'>vestivit</span> <span class='ocrx_word' id='word_1_52' title='bbox 721 1191 821 1250; x_wconf 83' lang='lat' dir='ltr'>lumine</span> <span class='ocrx_word' id='word_1_53' title='bbox 834 1189 927 1251; x_wconf 78' lang='lat' dir='ltr'>Titan,</span> 
     </span>
     <span class='ocr_line' id='line_1_10' title="bbox 269 1277 956 1350; baseline -0.004 -15"><span class='ocrx_word' id='word_1_54' title='bbox 269 1277 393 1335; x_wconf 88' lang='lat' dir='ltr'>Brumali</span> <span class='ocrx_word' id='word_1_55' title='bbox 404 1281 516 1334; x_wconf 84' lang='lat' dir='ltr'>flectens</span> <span class='ocrx_word' id='word_1_56' title='bbox 528 1285 690 1350; x_wconf 77' lang='lat' dir='ltr'><strong>contorquet</strong></span> <span class='ocrx_word' id='word_1_57' title='bbox 703 1285 827 1348; x_wconf 84' lang='lat' dir='ltr'>tempore</span> <span class='ocrx_word' id='word_1_58' title='bbox 839 1295 956 1334; x_wconf 81' lang='lat' dir='ltr'>currum.</span> 
     </span>
    </p>
   </div>
   <div class='ocr_carea' id='block_1_5' title="bbox 235 1427 611 1506">
    <p class='ocr_par' dir='ltr' id='par_1_5' title="bbox 235 1427 611 1506">
     <span class='ocr_line' id='line_1_11' title="bbox 235 1427 611 1506; baseline -0.005 -16"><span class='ocrx_word' id='word_1_59' title='bbox 235 1427 316 1490; x_wconf 84' lang='lat' dir='ltr'>liino</span> <span class='ocrx_word' id='word_1_60' title='bbox 327 1434 425 1490; x_wconf 81' lang='lat' dir='ltr'>autem</span> <span class='ocrx_word' id='word_1_61' title='bbox 439 1429 611 1506; x_wconf 73' lang='lat' dir='ltr'>adsumitur,</span> 
     </span>
    </p>
   </div>
   <div class='ocr_carea' id='block_1_6' title="bbox 166 1585 1020 1925">
    <p class='ocr_par' dir='ltr' id='par_1_6' title="bbox 166 1585 1020 1835">
     <span class='ocr_line' id='line_1_12' title="bbox 166 1585 877 1655; baseline 0.003 -15"><span class='ocrx_word' id='word_1_62' title='bbox 166 1621 169 1628; x_wconf 87' lang='lat'>·</span> <span class='ocrx_word' id='word_1_63' title='bbox 269 1585 312 1640; x_wconf 89' lang='lat' dir='ltr'>Ut</span> <span class='ocrx_word' id='word_1_64' title='bbox 324 1603 383 1642; x_wconf 82' lang='lat' dir='ltr'>sese</span> <span class='ocrx_word' id='word_1_65' title='bbox 394 1585 540 1641; x_wconf 83' lang='lat' dir='ltr'>osteudens</span> <span class='ocrx_word' id='word_1_66' title='bbox 549 1588 666 1655; x_wconf 63' lang='lat' dir='ltr'>emergit</span> <span class='ocrx_word' id='word_1_67' title='bbox 679 1587 805 1655; x_wconf 78' lang='lat' dir='ltr'>Scorpius</span> <span class='ocrx_word' id='word_1_68' title='bbox 818 1589 877 1642; x_wconf 84' lang='lat' dir='ltr'>alte</span> 
     </span>
     <span class='ocr_line' id='line_1_13' title="bbox 268 1675 1020 1744; baseline 0 -14"><span class='ocrx_word' id='word_1_69' title='bbox 268 1675 424 1732; x_wconf 70' lang='lat' dir='ltr'><strong>Posteriora</strong></span> <span class='ocrx_word' id='word_1_70' title='bbox 437 1679 544 1731; x_wconf 81' lang='lat' dir='ltr'>trahens</span> <span class='ocrx_word' id='word_1_71' title='bbox 557 1677 656 1729; x_wconf 85' lang='lat' dir='ltr'>ilerum</span> <span class='ocrx_word' id='word_1_72' title='bbox 670 1678 697 1729; x_wconf 85' lang='lat' dir='ltr'>vi</span> <span class='ocrx_word' id='word_1_73' title='bbox 710 1680 828 1744; x_wconf 83' lang='lat' dir='ltr'>eorporis</span> <span class='ocrx_word' id='word_1_74' title='bbox 841 1692 943 1740; x_wconf 78' lang='lat' dir='ltr'>eroum.</span> <span class='ocrx_word' id='word_1_75' title='bbox 1018 1675 1020 1680; x_wconf 85' lang='grc'><strong>’</strong></span> 
     </span>
     <span class='ocr_line' id='line_1_14' title="bbox 269 1765 957 1835; baseline -0.003 -15"><span class='ocrx_word' id='word_1_76' title='bbox 269 1765 361 1826; x_wconf 78' lang='lat' dir='ltr'>Quem</span> <span class='ocrx_word' id='word_1_77' title='bbox 373 1773 486 1835; x_wconf 88' lang='lat' dir='ltr'>propter</span> <span class='ocrx_word' id='word_1_78' title='bbox 494 1769 582 1818; x_wconf 81' lang='lat' dir='ltr'>nitens</span> <span class='ocrx_word' id='word_1_79' title='bbox 596 1767 688 1833; x_wconf 84' lang='lat' dir='ltr'>pennis</span> <span class='ocrx_word' id='word_1_80' title='bbox 701 1767 871 1820; x_wconf 80' lang='lat' dir='ltr'>convolvitur</span> <span class='ocrx_word' id='word_1_81' title='bbox 889 1768 957 1819; x_wconf 82' lang='lat' dir='ltr'>ales.</span> 
     </span>
    </p>

    <p class='ocr_par' dir='ltr' id='par_1_7' title="bbox 269 1854 1017 1925">
     <span class='ocr_line' id='line_1_15' title="bbox 269 1854 1017 1925; baseline -0.001 -17"><span class='ocrx_word' id='word_1_82' title='bbox 269 1856 309 1909; x_wconf 77' lang='lat' dir='ltr'>At</span> <span class='ocrx_word' id='word_1_83' title='bbox 318 1861 431 1924; x_wconf 85' lang='lat' dir='ltr'>propter</span> <span class='ocrx_word' id='word_1_84' title='bbox 442 1872 471 1910; x_wconf 87' lang='lat' dir='ltr'>se</span> <span class='ocrx_word' id='word_1_85' title='bbox 484 1856 584 1925; x_wconf 79' lang='lat' dir='ltr'>Aquila</span> <span class='ocrx_word' id='word_1_86' title='bbox 595 1854 702 1909; x_wconf 77' lang='lat' dir='ltr'>ardenti</span> <span class='ocrx_word' id='word_1_87' title='bbox 714 1871 776 1908; x_wconf 88' lang='lat' dir='ltr'>eum</span> <span class='ocrx_word' id='word_1_88' title='bbox 787 1871 900 1924; x_wconf 81' lang='lat' dir='ltr'>corpore</span> <span class='ocrx_word' id='word_1_89' title='bbox 913 1860 1017 1924; x_wconf 85' lang='lat' dir='ltr'>portat.</span> 
     </span>
    </p>
   </div>
   <div class='ocr_carea' id='block_1_7' title="bbox 220 1985 826 2384">
    <p class='ocr_par' dir='ltr' id='par_1_8' title="bbox 220 1985 826 2384">
     <span class='ocr_line' id='line_1_16' title="bbox 220 1985 550 2076; baseline -0.009 -13"><span class='ocrx_word' id='word_1_90' title='bbox 220 2019 221 2022; x_wconf 76' lang='grc'>’</span> <span class='ocrx_word' id='word_1_91' title='bbox 237 1985 550 2076; x_wconf 70' lang='grc' dir='ltr'>ΒθὶυᾶοἮεΙμὴὶηιιε.</span> 
     </span>
     <span class='ocr_line' id='line_1_17' title="bbox 269 2156 826 2224; baseline -0.009 -12"><span class='ocrx_word' id='word_1_92' title='bbox 269 2157 374 2213; x_wconf 79' lang='lat' dir='ltr'>Exinde</span> <span class='ocrx_word' id='word_1_93' title='bbox 386 2156 470 2211; x_wconf 90' lang='lat' dir='ltr'>Orion</span> <span class='ocrx_word' id='word_1_94' title='bbox 481 2156 715 2224; x_wconf 77' lang='lat' dir='ltr'>obliqnooorpora</span> <span class='ocrx_word' id='word_1_95' title='bbox 727 2157 826 2210; x_wconf 82' lang='lat' dir='ltr'>nitens.</span> 
     </span>
     <span class='ocr_line' id='line_1_18' title="bbox 236 2309 531 2384; baseline -0.02 -15"><span class='ocrx_word' id='word_1_96' title='bbox 236 2311 330 2384; x_wconf 78' lang='lat' dir='ltr'>Quem</span> <span class='ocrx_word' id='word_1_97' title='bbox 345 2309 531 2382; x_wconf 84' lang='lat' dir='ltr'>subsequens,</span> 
     </span>
    </p>
   </div>
   <div class='ocr_carea' id='block_1_8' title="bbox 268 2437 928 2534">
    <p class='ocr_par' dir='ltr' id='par_1_9' title="bbox 268 2437 928 2534">
     <span class='ocr_line' id='line_1_19' title="bbox 268 2437 928 2534; baseline -0.005 -15"><span class='ocrx_word' id='word_1_98' title='bbox 268 2462 399 2519; x_wconf 84' lang='lat' dir='ltr'>Fervidus</span> <span class='ocrx_word' id='word_1_99' title='bbox 411 2437 459 2516; x_wconf 88' lang='lat' dir='ltr'>ille</span> <span class='ocrx_word' id='word_1_100' title='bbox 475 2461 555 2516; x_wconf 84' lang='lat' dir='ltr'>Canis</span> <span class='ocrx_word' id='word_1_101' title='bbox 574 2463 715 2516; x_wconf 82' lang='lat' dir='ltr'>stellarum</span> <span class='ocrx_word' id='word_1_102' title='bbox 728 2463 789 2518; x_wconf 82' lang='lat' dir='ltr'>luce</span> <span class='ocrx_word' id='word_1_103' title='bbox 801 2462 928 2534; x_wconf 75' lang='lat' dir='ltr'>refulget.</span> 
     </span>
    </p>
   </div>
   <div class='ocr_carea' id='block_1_9' title="bbox 235 2615 621 2691">
    <p class='ocr_par' dir='ltr' id='par_1_10' title="bbox 235 2615 621 2691">
     <span class='ocr_line' id='line_1_20' title="bbox 235 2615 621 2691; baseline -0.018 -14"><span class='ocrx_word' id='word_1_104' title='bbox 235 2619 306 2677; x_wconf 87' lang='lat' dir='ltr'>Post</span> <span class='ocrx_word' id='word_1_105' title='bbox 319 2617 418 2691; x_wconf 84' lang='lat' dir='ltr'>Lepus</span> <span class='ocrx_word' id='word_1_106' title='bbox 431 2615 621 2690; x_wconf 75' lang='lat' dir='ltr'>subsequitur,</span> 
     </span>
    </p>
   </div>
   <div class='ocr_carea' id='block_1_10' title="bbox 101 2767 961 3107">
    <p class='ocr_par' dir='ltr' id='par_1_11' title="bbox 101 2767 961 3107">
     <span class='ocr_line' id='line_1_21' title="bbox 266 2767 946 2840; baseline -0.009 -13"><span class='ocrx_word' id='word_1_107' title='bbox 266 2772 436 2826; x_wconf 78' lang='lat' dir='ltr'>Corniculum</span> <span class='ocrx_word' id='word_1_108' title='bbox 448 2785 592 2840; x_wconf 80' lang='lat' dir='ltr'>numquam</span> <span class='ocrx_word' id='word_1_109' title='bbox 601 2767 706 2822; x_wconf 81' lang='lat' dir='ltr'>defesso</span> <span class='ocrx_word' id='word_1_110' title='bbox 718 2786 830 2838; x_wconf 86' lang='lat' dir='ltr'>corpore</span> <span class='ocrx_word' id='word_1_111' title='bbox 842 2768 946 2822; x_wconf 84' lang='lat' dir='ltr'>sedans.</span> 
     </span>
     <span class='ocr_line' id='line_1_22' title="bbox 267 2860 947 2927; baseline -0.006 -12"><span class='ocrx_word' id='word_1_112' title='bbox 267 2863 307 2916; x_wconf 75' lang='lat' dir='ltr'>At</span> <span class='ocrx_word' id='word_1_113' title='bbox 315 2861 394 2914; x_wconf 85' lang='lat' dir='ltr'>Canis</span> <span class='ocrx_word' id='word_1_114' title='bbox 407 2861 440 2913; x_wconf 84' lang='lat' dir='ltr'>ad</span> <span class='ocrx_word' id='word_1_115' title='bbox 453 2860 565 2912; x_wconf 83' lang='lat' dir='ltr'>condam</span> <span class='ocrx_word' id='word_1_116' title='bbox 577 2875 687 2926; x_wconf 84' lang='lat' dir='ltr'>serpens</span> <span class='ocrx_word' id='word_1_117' title='bbox 699 2861 852 2927; x_wconf 82' lang='lat' dir='ltr'>prolabitur</span> <span class='ocrx_word' id='word_1_118' title='bbox 863 2861 947 2927; x_wconf 83' lang='lat' dir='ltr'>Argo.</span> 
     </span>
     <span class='ocr_line' id='line_1_23' title="bbox 101 2948 961 3019; baseline -0.007 -13"><span class='ocrx_word' id='word_1_119' title='bbox 101 2959 109 2980; x_wconf 62' lang='lat'>¹·</span> <span class='ocrx_word' id='word_1_120' title='bbox 174 2983 180 2996; x_wconf 85' lang='lat'><strong>·</strong></span> <span class='ocrx_word' id='word_1_121' title='bbox 267 2952 347 3005; x_wconf 82' lang='lat' dir='ltr'>Hono</span> <span class='ocrx_word' id='word_1_122' title='bbox 361 2953 438 3004; x_wconf 80' lang='lat' dir='ltr'>Aries</span> <span class='ocrx_word' id='word_1_123' title='bbox 451 2951 529 3018; x_wconf 82' lang='lat' dir='ltr'>tegit,</span> <span class='ocrx_word' id='word_1_124' title='bbox 542 2955 572 3002; x_wconf 89' lang='lat' dir='ltr'>et</span> <span class='ocrx_word' id='word_1_125' title='bbox 584 2964 724 3019; x_wconf 79' lang='lat' dir='ltr'>squamam</span> <span class='ocrx_word' id='word_1_126' title='bbox 735 2964 847 3016; x_wconf 82' lang='lat' dir='ltr'>corpore</span> <span class='ocrx_word' id='word_1_127' title='bbox 860 2948 961 3009; x_wconf 80' lang='lat' dir='ltr'>Pisces.</span> 
     </span>
     <span class='ocr_line' id='line_1_24' title="bbox 268 3039 896 3107; baseline -0.008 -11"><span class='ocrx_word' id='word_1_128' title='bbox 268 3042 399 3096; x_wconf 83' lang='lat' dir='ltr'>Fluminis</span> <span class='ocrx_word' id='word_1_129' title='bbox 411 3039 510 3092; x_wconf 83' lang='lat' dir='ltr'>illustri</span> <span class='ocrx_word' id='word_1_130' title='bbox 523 3042 679 3106; x_wconf 80' lang='lat' dir='ltr'>tangentem</span> <span class='ocrx_word' id='word_1_131' title='bbox 691 3053 803 3105; x_wconf 84' lang='lat' dir='ltr'>corpore</span> <span class='ocrx_word' id='word_1_132' title='bbox 816 3040 896 3107; x_wconf 82' lang='lat' dir='ltr'>ripas,</span> 
     </span>
    </p>
   </div>
   <div class='ocr_carea' id='block_1_11' title="bbox 231 3203 1108 3323">
    <p class='ocr_par' dir='ltr' id='par_1_12' title="bbox 231 3203 1108 3323">
     <span class='ocr_line' id='line_1_25' title="bbox 231 3203 1108 3266; baseline -0.003 -9"><span class='ocrx_word' id='word_1_133' title='bbox 231 3209 307 3258; x_wconf 77' lang='lat' dir='ltr'>Guell.</span> <span class='ocrx_word' id='word_1_134' title='bbox 319 3213 344 3254; x_wconf 87' lang='lat' dir='ltr'>st</span> <span class='ocrx_word' id='word_1_135' title='bbox 353 3208 404 3254; x_wconf 85' lang='lat' dir='ltr'>edd.</span> <span class='ocrx_word' id='word_1_136' title='bbox 420 3220 498 3264; x_wconf 75' lang='lat' dir='ltr'>genua,</span> <span class='ocrx_word' id='word_1_137' title='bbox 516 3203 575 3266; x_wconf 92' lang='lat' dir='ltr'>quod</span> <span class='ocrx_word' id='word_1_138' title='bbox 585 3219 627 3264; x_wconf 86' lang='lat' dir='ltr'>pro</span> <span class='ocrx_word' id='word_1_139' title='bbox 635 3218 696 3262; x_wconf 73' lang='lat' dir='ltr'>genu</span> <span class='ocrx_word' id='word_1_140' title='bbox 704 3203 758 3250; x_wconf 91' lang='lat' dir='ltr'>olim</span> <span class='ocrx_word' id='word_1_141' title='bbox 767 3205 851 3252; x_wconf 81' lang='lat' dir='ltr'>dictum</span> <span class='ocrx_word' id='word_1_142' title='bbox 861 3205 942 3252; x_wconf 75' lang='lat' dir='ltr'>donent</span> <span class='ocrx_word' id='word_1_143' title='bbox 957 3205 1108 3254; x_wconf 83' lang='lat' dir='ltr'>Grammatic&#39;i</span> 
     </span>
     <span class='ocr_line' id='line_1_26' title="bbox 233 3263 931 3323; baseline -0.006 -8"><span class='ocrx_word' id='word_1_144' title='bbox 233 3275 258 3316; x_wconf 85' lang='lat' dir='ltr'>et</span> <span class='ocrx_word' id='word_1_145' title='bbox 268 3269 304 3314; x_wconf 87' lang='lat' dir='ltr'>hic</span> <span class='ocrx_word' id='word_1_146' title='bbox 313 3269 342 3313; x_wconf 86' lang='lat' dir='ltr'>sd</span> <span class='ocrx_word' id='word_1_147' title='bbox 351 3265 479 3313; x_wconf 83' lang='lat' dir='ltr'>evitandum</span> <span class='ocrx_word' id='word_1_148' title='bbox 489 3263 574 3310; x_wconf 86' lang='lat' dir='ltr'>hiatum</span> <span class='ocrx_word' id='word_1_149' title='bbox 582 3279 596 3308; x_wconf 83' lang='lat' dir='ltr'>a</span> <span class='ocrx_word' id='word_1_150' title='bbox 610 3263 720 3310; x_wconf 82' lang='lat' dir='ltr'>Cioerone</span> <span class='ocrx_word' id='word_1_151' title='bbox 730 3263 824 3323; x_wconf 84' lang='lat' dir='ltr'>positum</span> <span class='ocrx_word' id='word_1_152' title='bbox 836 3263 931 3311; x_wconf 89' lang='lat' dir='ltr'>videtur.</span> 
     </span>
    </p>
   </div>
   <div class='ocr_carea' id='block_1_12' title="bbox 214 3341 1113 3521">
    <p class='ocr_par' dir='ltr' id='par_1_13' title="bbox 214 3341 1113 3521">
     <span class='ocr_line' id='line_1_27' title="bbox 263 3341 1108 3412; baseline 0 -20"><span class='ocrx_word' id='word_1_153' title='bbox 263 3348 286 3380; x_wconf 58' lang='grc' dir='ltr'>Ν</span> <span class='ocrx_word' id='word_1_154' title='bbox 301 3347 384 3396; x_wconf 75' lang='lat' dir='ltr'>Fides-</span> <span class='ocrx_word' id='word_1_155' title='bbox 401 3371 411 3380; x_wconf 94' lang='lat'><em>·</em></span> <span class='ocrx_word' id='word_1_156' title='bbox 428 3349 447 3390; x_wconf 86' lang='lat' dir='ltr'>si</span> <span class='ocrx_word' id='word_1_157' title='bbox 462 3343 565 3412; x_wconf 70' lang='lat' dir='ltr'>amusos]</span> <span class='ocrx_word' id='word_1_158' title='bbox 582 3341 622 3388; x_wconf 90' lang='lat' dir='ltr'>int.</span> <span class='ocrx_word' id='word_1_159' title='bbox 643 3342 769 3388; x_wconf 84' lang='lat' dir='ltr'>Citharstn.</span> <span class='ocrx_word' id='word_1_160' title='bbox 801 3341 905 3389; x_wconf 68' lang='lat' dir='ltr'>Consano</span> <span class='ocrx_word' id='word_1_161' title='bbox 925 3345 1010 3390; x_wconf 80' lang='lat' dir='ltr'>habent</span> <span class='ocrx_word' id='word_1_162' title='bbox 1030 3343 1108 3404; x_wconf 84' lang='lat' dir='ltr'>plures</span> 
     </span>
     <span class='ocr_line' id='line_1_28' title="bbox 234 3402 1113 3472; baseline -0.002 -20"><span class='ocrx_word' id='word_1_163' title='bbox 234 3405 292 3452; x_wconf 86' lang='lat' dir='ltr'>Mss.</span> <span class='ocrx_word' id='word_1_164' title='bbox 304 3406 372 3451; x_wconf 85' lang='lat' dir='ltr'>etism</span> <span class='ocrx_word' id='word_1_165' title='bbox 380 3403 454 3451; x_wconf 83' lang='lat' dir='ltr'>Gueli.</span> <span class='ocrx_word' id='word_1_166' title='bbox 464 3402 637 3472; x_wconf 73' lang='lat' dir='ltr'>itemedstiones</span> <span class='ocrx_word' id='word_1_167' title='bbox 647 3405 733 3470; x_wconf 67' lang='lat' dir='ltr'>ueteres</span> <span class='ocrx_word' id='word_1_168' title='bbox 742 3402 850 3472; x_wconf 82' lang='lat' dir='ltr'>quaedem</span> <span class='ocrx_word' id='word_1_169' title='bbox 862 3402 918 3448; x_wconf 83' lang='lat' dir='ltr'>Vsn.</span> <span class='ocrx_word' id='word_1_170' title='bbox 932 3407 993 3450; x_wconf 77' lang='lat' dir='ltr'>llus.</span> <span class='ocrx_word' id='word_1_171' title='bbox 1006 3403 1113 3452; x_wconf 81' lang='lat' dir='ltr'>Mediol.</span> 
     </span>
     <span class='ocr_line' id='line_1_29' title="bbox 214 3460 1106 3521; baseline -0.002 -10"><span class='ocrx_word' id='word_1_172' title='bbox 214 3509 220 3520; x_wconf 87' lang='grc'><strong>,</strong></span> <span class='ocrx_word' id='word_1_173' title='bbox 233 3467 323 3511; x_wconf 71' lang='lat' dir='ltr'>Aterno.</span> <span class='ocrx_word' id='word_1_174' title='bbox 355 3466 436 3510; x_wconf 86' lang='lat' dir='ltr'>Sensus</span> <span class='ocrx_word' id='word_1_175' title='bbox 445 3477 493 3509; x_wconf 81' lang='lat' dir='ltr'>esse</span> <span class='ocrx_word' id='word_1_176' title='bbox 503 3462 599 3517; x_wconf 72' lang='lat' dir='ltr'>videtur,</span> <span class='ocrx_word' id='word_1_177' title='bbox 610 3460 691 3508; x_wconf 83' lang='lat' dir='ltr'>lenrter</span> <span class='ocrx_word' id='word_1_178' title='bbox 699 3461 812 3508; x_wconf 79' lang='lat' dir='ltr'>aeolrneto</span> <span class='ocrx_word' id='word_1_179' title='bbox 819 3461 847 3507; x_wconf 86' lang='lat' dir='ltr'>ad</span> <span class='ocrx_word' id='word_1_180' title='bbox 857 3463 924 3521; x_wconf 79' lang='lat' dir='ltr'>pedes</span> <span class='ocrx_word' id='word_1_181' title='bbox 937 3464 1106 3511; x_wconf 76' lang='lat' dir='ltr'>Andromedae.</span> 
     </span>
    </p>
   </div>
   <div class='ocr_carea' id='block_1_13' title="bbox 232 3538 1109 3659">
    <p class='ocr_par' dir='ltr' id='par_1_14' title="bbox 232 3538 1109 3659">
     <span class='ocr_line' id='line_1_30' title="bbox 263 3538 1109 3611; baseline 0.006 -28"><span class='ocrx_word' id='word_1_182' title='bbox 263 3540 284 3571; x_wconf 77' lang='lat'>²¹</span> <span class='ocrx_word' id='word_1_183' title='bbox 299 3541 394 3608; x_wconf 61' lang='lat' dir='ltr'>Qosjpors</span> <span class='ocrx_word' id='word_1_184' title='bbox 404 3540 514 3599; x_wconf 71' lang='lat' dir='ltr'>remisero]</span> <span class='ocrx_word' id='word_1_185' title='bbox 530 3538 583 3600; x_wconf 84' lang='lat' dir='ltr'>quia</span> <span class='ocrx_word' id='word_1_186' title='bbox 592 3553 620 3586; x_wconf 85' lang='lat' dir='ltr'>er</span> <span class='ocrx_word' id='word_1_187' title='bbox 634 3553 704 3600; x_wconf 82' lang='lat' dir='ltr'>capro</span> <span class='ocrx_word' id='word_1_188' title='bbox 713 3544 737 3586; x_wconf 87' lang='lat' dir='ltr'>et</span> <span class='ocrx_word' id='word_1_189' title='bbox 746 3539 807 3611; x_wconf 71' lang='lat' dir='ltr'>pisce</span> <span class='ocrx_word' id='word_1_190' title='bbox 816 3543 950 3600; x_wconf 73' lang='lat' dir='ltr'>compo-ltus</span> <span class='ocrx_word' id='word_1_191' title='bbox 964 3539 1109 3610; x_wconf 49' lang='lat' dir='ltr'>canonisa-</span> 
     </span>
     <span class='ocr_line' id='line_1_31' title="bbox 232 3597 1075 3659; baseline 0.001 -15"><span class='ocrx_word' id='word_1_192' title='bbox 232 3607 289 3644; x_wconf 76' lang='lat' dir='ltr'>rum</span> <span class='ocrx_word' id='word_1_193' title='bbox 300 3597 401 3656; x_wconf 66' lang='lat' dir='ltr'>dirutob</span> <span class='ocrx_word' id='word_1_194' title='bbox 409 3603 506 3646; x_wconf 70' lang='lat' dir='ltr'>mosam</span> <span class='ocrx_word' id='word_1_195' title='bbox 520 3603 607 3659; x_wconf 69' lang='lat' dir='ltr'>putem</span> <span class='ocrx_word' id='word_1_196' title='bbox 614 3599 720 3659; x_wconf 80' lang='lat' dir='ltr'>alteram,</span> <span class='ocrx_word' id='word_1_197' title='bbox 730 3601 838 3650; x_wconf 79' lang='lat' dir='ltr'>osuiorte</span> <span class='ocrx_word' id='word_1_198' title='bbox 847 3599 965 3659; x_wconf 71' lang='lat' dir='ltr'>legendum</span> <span class='ocrx_word' id='word_1_199' title='bbox 973 3603 1075 3658; x_wconf 66' lang='lat' dir='ltr'>ungero.</span> 
     </span>
    </p>
   </div>
   <div class='ocr_carea' id='block_1_14' title="bbox 0 0 1280 4188">
    <p class='ocr_par' dir='ltr' id='par_1_15' title="bbox 0 0 1280 4188">
     <span class='ocr_line' id='line_1_32' title="bbox 0 0 1280 4188; baseline 0 0"><span class='ocrx_word' id='word_1_200' title='bbox 0 0 1280 4188; x_wconf 95' lang='lat' dir='ltr'> </span> 
     </span>
    </p>
   </div>
  </div>
 </body>
</html>
