2558 4198
224 253 289 316 354
467 243 513 298 nn
528 245 669 298 ιιιιιιιι
688 241 834 300 osonum

222 396 313 470 ligura
328 411 389 456 nors
411 396 538 470 potuisse
562 395 695 457 servari?
716 399 818 472 ltaque
831 393 906 454 nibil
920 397 1017 469 polest
1029 409 1096 457 etse

221 491 367 563 indoctus,
390 512 477 570 quam
496 497 573 572 quod
596 513 615 555 a
639 496 724 554 vobis
747 493 882 554 affirmari
902 497 985 552 solet.
1027 497 1099 556 Nec

222 591 302 648 enim
329 593 407 650 bunc
426 593 521 667 ipsum
535 597 674 660 mundum
684 611 736 668 pro
760 600 843 662 cerlo
864 596 1017 653 rotundum
1031 612 1096 654 esse

220 689 337 772 dicitis..
345 709 413 750 nam
427 709 511 766 posse
525 693 597 760 lieri,
616 700 648 752 nl
668 692 779 751 situlis
803 693 910 766 ligura:
930 693 1095 752 mnumera-

219 787 352 866 bilesque
366 793 502 861 mundos,
515 793 590 851 alios
603 793 729 852 aliarum
743 809 808 850 esse
819 791 981 850 turcarum.
1004 795 1096 866 Quae,

219 883 245 949 'si
259 891 304 950 bis
319 892 387 950 bina
400 898 469 968 quot
483 897 591 960 essent,
606 893 759 952 didicisset
773 893 931 968 Epicurus,
940 899 1021 951 certe
1035 911 1096 952 non

219 989 340 1050 diceret.
383 994 443 1050 Sevi
457 995 524 1054 dom
539 996 650 1067 palato,
660 995 729 1068 quid
743 993 783 1052 sit
803 994 954 1068 optimum,
968 993 1095 1067 judicat,

167 1081 296 1148 i9caeli
310 1093 447 1163 palatum,
467 1089 512 1170 (ut
526 1091 568 1150 ait
591 1089 726 1176 Ennius),
742 1109 801 1150 non
821 1091 962 1166 suspexit.
1003 1093 1093 1162 Nam,

218 1203 285 1246 cnm
300 1189 358 1246 duo
371 1189 430 1248 sint
444 1209 551 1265 genera
572 1191 717 1250 siderum:
751 1207 871 1265 qnorum
893 1192 1016 1248 alterum
1030 1207 1094 1264 sps·

217 1285 267 1344 tiis
288 1287 517 1347 immutabilibus
539 1292 577 1348 ab
602 1297 666 1348 ortu
691 1291 728 1346 ad
756 1305 893 1348 oemunt
914 1285 1095 1359 commeans,

217 1387 328 1444 nullum
337 1403 473 1462 umquam
482 1404 583 1446 cursus
592 1388 636 1446 sui
650 1387 805 1462 vestigium
821 1388 953 1446 inflectat
963 1409 980 1453 s,
991 1387 1010 1420 ⁰¹
1021 1391 1094 1446 alte.-

216 1501 279 1542 rum
291 1495 387 1544 autem
398 1487 553 1545 continuas
562 1488 772 1545 conversiones
788 1488 861 1545 duae
875 1485 1091 1561 iisdemspstiis
1122 1492 1126 1500 '

216 1585 403 1662 cursibusque
416 1587 571 1645 conliniet:
591 1604 631 1644 ex
652 1592 772 1662 utraque
787 1605 817 1644 re
832 1592 863 1645 et
883 1587 983 1646 mnndi
1006 1588 1090 1644 volu·

215 1682 325 1754 bilitas,
338 1703 412 1762 quaa
437 1686 495 1744 nisi
513 1686 545 1744 io
566 1689 685 1760 globosa
706 1686 796 1744 torma
817 1703 883 1744 esse
903 1703 962 1744 non
984 1688 1090 1758 posset,

216 1785 248 1840 et
260 1786 409 1843 stellarum
425 1785 539 1843 rotundi
559 1785 684 1842 ambitus
706 1789 939 1857 cognoscuntur:
970 1783 1090 1856 primus·

216 1897 272 1956 que
286 1884 340 1950 sol,
353 1883 403 1956 qui
416 1889 557 1942 astrorum
570 1883 684 1942 obtinet
698 1883 903 1957 principatum,
923 1882 965 1940 ita
989 1899 1090 1940 move·

214 1983 270 2051 lur,
295 1987 329 2054 ut
346 1999 414 2040 cum
439 1988 529 2040 terras
555 1985 635 2058 larga
656 1986 722 2042 luce
743 1981 946 2056 compleverit,
969 1982 1089 2040 easdem

214 2081 303 2140 morlo
318 2079 375 2147 bis,
397 2082 482 2137 modo
503 2079 563 2138 illis
577 2099 616 2138 ex
641 2081 768 2154 partibus
792 2085 906 2154 opacet.
920 2080 984 2153 ipss
1008 2081 1090 2139 enim

215 2183 315 2240 umbra
339 2185 432 2236 terrae
455 2171 519 2236 soli¹
534 2179 676 2246 officiens,
693 2186 816 2237 *noctem
839 2179 944 2238 efficit:
974 2187 1089 2238 noctur·
1137 2240 1139 2244 ,

214 2295 316 2337 ιιοιιιιιι
331 2284 429 2336 autem
442 2277 601 2351 spatiorum
615 2279 718 2336 cadem
732 2285 776 2336 esl
790 2276 991 2353 aequabilitas,
1012 2295 1087 2354 quaa

214 2378 402 2437 diurnorum:
426 2376 615 2453 ejusdemque
639 2378 709 2436 solis
725 2384 784 2436 lunt
810 2394 945 2435 accessus
970 2377 1087 2449 modici,

214 2483 274 2535 tum
286 2494 425 2546 recessus,
436 2483 467 2536 el
479 2477 602 2552 frigoris,
616 2483 647 2535 et
657 2478 762 2537 caloris
777 2478 892 2534 modum
907 2482 1086 2551 temperant:

213 2577 353 2636 circuitus
367 2578 447 2636 enim
470 2575 492 2609 ⁶²
511 2578 580 2634 solis
591 2576 704 2634 orbium
719 2594 737 2633 v
757 2583 787 2634 et
806 2595 847 2634 nx
862 2583 892 2634 el
906 2595 970 2644 coc,
985 2583 1087 2652 quarta

212 2679 272 2734 lere
306 2676 366 2736 diei
400 2682 481 2750 parte
515 2676 624 2744 addita,
658 2675 883 2734 conversionem
923 2677 1087 2736 coniciunt
1192 2685 1193 2688 ’

212 2794 356 2836 annonam:
376 2776 532 2834 inflectens
553 2781 651 2833 autem
675 2777 718 2832 sol
739 2791 853 2832 cursum
877 2780 938 2832 tum
961 2776 997 2833 ad
1022 2793 1085 2849 sep·

212 2877 391 2943 temtriones,
419 2882 480 2933 turn
506 2877 544 2934 sd
572 2875 731 2941 meridiem,
760 2880 886 2932 aestates
913 2879 943 2931 et
971 2857 1086 2933 biennes

211 2975 309 3043 efficit,
323 2980 354 3033 et
374 2980 410 3032 e'a
431 2975 488 3032 duo
508 2980 648 3048 tempora,
671 2990 788 3048 quarum
815 2972 836 3006 ω
849 2975 971 3031 alterum
992 2971 1085 3036 hiemi

239 3129 261 3160 ⁶¹
275 3131 373 3177 ellenon
387 3143 408 3176 o.
426 3129 542 3176 watinum
561 3125 710 3176 conversiones
733 3127 791 3175 siuas
804 3129 821 3175 i.
837 3144 869 3186 sp.
885 3143 904 3177 s,
920 3130 951 3192 c]
976 3125 1085 3187 intelligit

209 3187 323 3294 Ξὲιὲιέξᾶιίιῆ
330 3203 424 3294 quma
434 3186 516 3248 duplex
525 3193 559 3234 est
567 3194 647 3245 motus,
658 3187 717 3234 alter
726 3186 757 3233 ab
765 3193 817 3235 omn
826 3189 855 3234 ad
865 3203 974 3245 marum,
984 3189 1043 3234 alter
1052 3187 1084 3238 ab

237 3325 261 3357 ⁶²
275 3326 326 3372 sotis
340 3326 430 3372 orbium
444 3341 458 3370 v
474 3329 494 3372 sl
511 3340 540 3372 ux
559 3329 578 3372 sl
593 3325 652 3386 ccc]
685 3324 744 3371 uod.
761 3329 812 3386 post
823 3341 844 3372 v.
856 3326 941 3372 addunt
952 3324 1082 3382 affectibus,

207 3384 267 3444 quod
277 3389 301 3430 et
313 3399 400 3432 sensum
412 3385 497 3432 nullum
508 3384 576 3431 habet
587 3391 610 3430 et
620 3385 684 3430 abest
696 3385 752 3430 Mss.
765 3384 875 3444 plurimis,
884 3385 952 3446 idque
961 3384 1084 3444 delendum

209 3441 295 3488 viderat
303 3443 417 3502 cujacius,
428 3445 557 3506 delevitque
567 3443 672 3491 Davisius
683 3450 705 3490 et
715 3443 831 3491 Eutherius.

232 3519 255 3552 ⁶³
269 3521 365 3568 alterurn
374 3523 446 3571 bismi
459 3537 479 3578 r.
496 3549 504 3560 ·
519 3549 528 3561 -
543 3524 640 3573 storum
650 3523 741 3584 uastati]
757 3521 772 3573 i.
785 3536 806 3574 e.
818 3527 1030 3590 verclanicum·
