2548 4208
501 373 601 430 anna
616 371 779 432 annuns.
926 371 930 386 ’
1005 383 1065 449 ten

196 530 324 608 pertinet
344 529 380 587 sd
394 527 488 588 animi
509 527 541 560 ¹⁸⁰
552 525 793 601 pedurbationes,
811 540 870 586 nne
892 541 938 584 res
951 525 1069 585 videtne

197 647 315 690 eausam
328 628 491 694 continere,
506 644 607 686 omnen
618 643 669 685 eas
682 643 746 686 esse
758 627 790 686 in
805 633 902 686 nostra
914 631 1068 700 potestate,

197 745 300 790 ornnes
321 727 438 800 jndicio
464 733 624 803 susceptus,
650 743 752 786 omnes
780 726 967 784 voluntarias.
1008 724 1069 784 llis

81 833 85 844 ’
197 831 378 906 igiturersor
399 835 444 886 est
457 828 633 903 eripiendus,
654 827 730 886 bueo
750 827 932 886 detrahenda
949 823 1068 898 opinio:

198 935 294 1003 sique,
319 935 360 996 ut,
388 927 444 987 ¹in
472 929 557 986 mulis
584 926 721 1001 opinatis,
747 925 928 984 tolerabilia:
958 924 1012 992 sie,
1035 923 1069 980 in

198 1029 292 1095 bonis,
312 1028 455 1086 sedatiora
479 1033 547 1086 suut
567 1027 722 1086 efficienda
741 1043 787 1093 ea,
807 1041 881 1098 quse
904 1038 1019 1096 magna,
1038 1026 1070 1082 et

198 1129 348 1187 laetabilia
375 1129 518 1186 dicuntur.
571 1129 669 1201 Atque
693 1127 750 1184 boo
771 1125 889 1199 quidem
915 1136 1070 1184 commune

198 1231 348 1294 malorum,
362 1232 392 1285 et
414 1229 570 1284 bonorum:
590 1231 631 1294 ul,
644 1225 670 1283 si
687 1226 751 1299 jam
765 1225 884 1284 difficile
903 1224 941 1280 sit
957 1237 1069 1295 persua·

199 1327 278 1392 dere,
301 1327 374 1384 nihil
399 1343 498 1384 earum
520 1337 622 1392 rerum,
646 1343 720 1398 quae
743 1327 908 1397 perturbent
931 1322 1070 1388 animum,

199 1427 293 1484 autin
310 1425 402 1491 bonis,
417 1429 468 1480 aut
487 1424 517 1482 in
532 1423 616 1482 malis
629 1441 693 1480 esse
708 1424 883 1490 babendum,
899 1429 997 1480 tamen
1012 1420 1071 1478 elia

200 1525 236 1582 ad
252 1524 340 1580 alium
351 1527 461 1580 molum
470 1522 582 1580 curatio
591 1522 630 1578 sit
643 1521 818 1588 adhibenda,
832 1523 946 1595 aliaque
957 1520 1070 1576 ratione

201 1622 365 1687 malivolus,
379 1621 437 1679 alia
451 1625 571 1686 amator,
589 1619 647 1676 nlia
662 1636 757 1676 rursus
777 1620 893 1686 anxius,
912 1618 972 1676 alin
996 1617 1071 1674 timi·

201 1721 264 1784 due,
284 1720 481 1795 corrigendus.
503 1723 590 1793 atque
614 1722 677 1776 erat
697 1717 793 1785 laeile,
815 1723 984 1793 sequentem
1006 1731 1072 1774 eam

202 1820 355 1886 rationem,
373 1837 447 1895 quae
470 1819 750 1891 maxime'probatur
769 1819 806 1876 de
827 1819 920 1884 bunia,
933 1824 964 1876 st
978 1816 1071 1884 malis,

200 1935 308 1994 negare
322 1937 456 1993 umquam
468 1917 581 1976 laetitia
596 1917 673 1976 affini
687 1933 772 1992 posse
783 1917 982 1991 insipientem,
994 1917 1072 1990 quod

200 2019 275 2078 nibil
291 2035 424 2094 umquam
433 2020 554 2075 haberet
565 2017 643 2074 boni.
676 2017 737 2074 Sed
750 2017 893 2092 loquimur
903 2033 980 2074 nunc
992 2032 1071 2073 more

200 2119 355 2176 communi.
398 2118 465 2176 Sint
479 2135 550 2175 sune
564 2116 619 2175 ista
636 2118 721 2184 bona,
734 2135 808 2190 quae
823 2123 968 2191 putantur,
984 2117 1071 2174 hono·

199 2234 255 2284 res,
276 2218 408 2286 divitiae,
434 2220 609 2290 voluptates,
622 2221 741 2274 uetera:
772 2221 871 2277 lamen
895 2215 985 2274 ineis
1000 2214 1071 2288 ipsis

200 2316 348 2390 potiundis
362 2317 522 2382 exsudans,
545 2315 730 2388 gestiensque
750 2317 873 2383 laetitia,
897 2315 987 2388 turpis
1006 2318 1070 2373 est:

200 2419 243 2480 ut,
256 2414 282 2470 si
296 2414 389 2470 ridere
400 2431 573 2470 conoessum
585 2413 633 2480 sit,
649 2413 828 2485 vituperetur
841 2419 939 2472 tamen
953 2414 1073 2472 caullin-

202 2510 293 2568 nstio.
313 2507 436 2566 'eodem
450 2510 528 2566 enim
543 2511 617 2568 vitio
630 2515 675 2567 est
687 2511 789 2568 effusio
802 2513 894 2568 animi
904 2513 936 2569 in
950 2511 1073 2581 laetitia,

203 2625 270 2684 quo,
283 2605 314 2666 in
335 2608 444 2676 dolore,
466 2609 645 2668 contractio:
676 2611 835 2683 eademque
856 2610 978 2667 levitate
994 2611 1073 2686 oapi-

203 2708 279 2766 dilas
294 2713 338 2765 est
353 2707 383 2764 in
398 2709 573 2780 appetendo,
587 2726 642 2783 qna
657 2709 781 2775 laetitia,
794 2707 824 2766 in
838 2707 976 2766 fruendo:
998 2715 1028 2768 el
1041 2713 1074 2768 ut

203 2807 291 2868 nimis
315 2806 420 2866 afflicti
442 2806 587 2876 molestia,
607 2803 671 2864 ³aie
693 2806 781 2864 nimie
795 2805 866 2864 eloti
880 2807 993 2866 laetitia
1005 2808 1073 2884 jure

205 2979 459 3088 dagaleifum]
478 2980 521 3028 hoc
529 2981 626 3044 postulat
637 2994 730 3044 sequens
739 2995 812 3029 omnes
820 2996 861 3029 ens.
873 2982 933 3029 male
943 2983 1012 3043 vulgo
1024 2997 1075 3042 per·

235 3121 243 3153 ¹
259 3120 286 3166 s'a
296 3120 361 3168 usalis
370 3119 464 3176 supinatis
475 3119 617 3182 blerabs'la'ud
650 3119 754 3170 Davisius
763 3119 827 3168 dedis
844 3119 1000 3168 tolerabilibus.
1032 3119 1075 3168 Pu·

78 3221 87 3236 ,
202 3177 261 3228 tavit
276 3179 298 3224 id
319 3181 452 3241 respondere
466 3199 499 3244 φφ
520 3180 644 3226 sedatiora:
678 3181 737 3243 quod
754 3195 799 3226 non
820 3189 861 3227 est.
893 3180 946 3227 Seil.
968 3179 1076 3228 saansaan

202 3247 301 3300 Pertinet
312 3247 341 3294 ad
351 3253 469 3320 utrumque
485 3247 615 3318 gneurbruau¹
627 3257 813 3308 opportuniusque.
826 3247 952 3318 tolerabilia
967 3247 990 3296 in
1010 3247 1077 3298 aab
1143 3269 1147 3276 ’

203 3307 315 3364 Μαρια
325 3321 351 3353 ac
361 3307 473 3354 belsrbslin
485 3323 506 3353 ua
517 3308 589 3353 boare:
614 3315 708 3366 utraque
718 3314 767 3352 sunt
778 3307 890 3352 efflereuda
899 3307 1013 3355 sedatiora.

231 3385 505 3434 'sedameniasoitiaest
519 3385 606 3445 solario,
625 3385 680 3445 eta]
713 3385 771 3434 Puto
785 3384 902 3444 legendum
921 3386 1074 3436 esssiava'la's.

204 3441 299 3559 aegisti
310 3441 441 3551 i'lilgssngsrqa
459 3445 496 3492 bie
505 3450 563 3492 esset
573 3443 627 3491 sitia
637 3448 675 3500 est,
685 3443 778 3492 deberet
789 3457 843 3502 esse,
857 3445 944 3501 pariter
953 3447 1013 3494 salus
1021 3447 1078 3497 attia

235 3579 248 3614 ³
262 3581 294 3628 sis
308 3583 378 3632 ausus
386 3584 444 3655 ¹elati
454 3583 556 3646 insidia]
573 3581 664 3694 m?
673 3581 747 3628 eatsie
763 3582 837 3653 animi
853 3584 906 3632 tlab'
916 3585 964 3631 luel.
977 3589 1000 3632 at
1018 3584 1076 3654 illud

205 3639 268 3701 {aad
282 3653 324 3692 aas
340 3643 442 3694 &dumus
457 3657 472 3694 s
486 3647 624 3692 warssbone
659 3642 744 3702 eatht,
758 3649 843 3704 opums
861 3645 982 3706 respondet
999 3644 1076 3701 alten,
