2538 4188
459 323 721 375 arannrnnrrus.
964 327 1027 388 417

161 475 203 534 sio
221 459 385 551 aggredior,
405 473 513 548 inquit·
529 475 566 531 ed
586 474 663 532 hano
683 469 919 545 disputationem,
944 469 1028 546 quari

163 575 236 633 nihil
257 589 394 649 umquam
416 572 557 630 audierim
578 572 615 629 de
635 571 691 634 diis
713 571 930 637 immortalibus,
955 569 1029 627 nihii

163 672 368 748 cogitaverim,
400 672 500 728 rudem
534 689 581 728 me
614 670 786 744 discipulum
803 663 850 727 'et
885 669 1029 742 integrum

161 771 323 843 sosipatri
346 788 391 838 en,
412 787 486 844 quae
510 768 632 846 requiro,
651 771 733 827 doce.
777 768 835 826 Dio
851 768 947 842 igitur,
960 767 1029 840 quid

162 869 299 944 requiras.
353 867 479 944 Egone?
508 869 631 944 prImum
650 869 730 936 iilud,
752 867 834 934 'eun
856 867 931 940 quod
955 863 1029 942 [per-

162 969 291 1041 spicuum
309 971 338 1027 in
353 971 438 1027 istam
462 965 596 1046 partem]
612 986 649 1026 ne
663 985 749 1042 ogere
763 965 880 1039 quidem
899 964 1030 1020 oratione

162 1067 298 1134 dixisses,
312 1071 387 1143 quod
410 1074 488 1130 esset
506 1067 701 1142 perspicuum,
714 1070 746 1122 et
759 1065 836 1121 inter
849 1079 949 1120 omnes
962 1079 1030 1119 oon-

163 1171 263 1241 staret,
276 1167 312 1222 de
326 1183 362 1223 eo
375 1167 439 1240 ipso
459 1173 518 1224 tam
539 1169 630 1225 multa
650 1163 768 1222 dixeris.
791 1152 800 1242 Ἰ
813 1163 890 1234 Quia
909 1167 938 1218 te
963 1177 1031 1234 quo·

162 1283 226 1339 que,
241 1266 346 1340 inquit,
369 1265 572 1332 animadverti,
593 1265 692 1331 Cotta,
713 1281 811 1336 saepe,
835 1249 902 1320 enm
923 1261 954 1317 in
969 1259 1031 1315 toro

158 1363 283 1432 diceres,
308 1381 394 1438 quam
422 1364 551 1436 piurimis
574 1381 682 1437 posses,
710 1359 885 1438 argumentis
908 1375 1030 1416 onerare

153 1461 297 1536 jndicem,
318 1463 449 1520 simodo
470 1481 535 1522 eam
559 1463 728 1520 facultatem
748 1460 803 1518 tihi
825 1461 909 1518 daret
931 1471 1029 1515 eausa.

162 1547 262 1636 Atque
285 1563 341 1620 hoo
363 1563 442 1619 idem
470 1567 500 1620 et
523 1561 689 1638 philosophi
713 1560 833 1626 iaciunt,
858 1563 888 1615 et
915 1567 978 1630 ego,
998 1557 1031 1611 ut
1058 1629 1060 1634 Ι

161 1660 252 1735 potui,
266 1661 331 1720 t'eei.
374 1661 424 1720 Tu
439 1665 545 1730 autem,
560 1660 609 1736 qni
622 1660 652 1717 id
666 1658 790 1734 quaeris,
803 1655 938 1714 similiter
951 1653 1031 1722 faeie,

161 1775 197 1842 aa
212 1759 238 1816 si
252 1777 297 1817 me
318 1778 410 1836 roges,
432 1778 484 1819 our
509 1767 538 1820 te
558 1761 668 1818 duobus
691 1763 832 1818 contuear
855 1754 957 1822 oculis,
981 1749 1032 1809 'et

159 1875 221 1916 nnn
248 1863 341 1923 altero
362 1865 484 1936 tantum,
503 1878 573 1942 oum
591 1859 671 1921 idem
694 1876 755 1916 uno
776 1855 891 1932 assequi
914 1851 1030 1927 possim

160 1951 241 2011 Turn
256 1951 353 2021 Cotta,
368 1952 463 2026 Quam
478 1949 574 2012 simile
587 1950 666 2011 istud
677 1956 727 2022 sit,
747 1955 852 2029 inquit,
865 1943 1061 2016 tavidedei

131 2051 237 2111 *Nam
252 2069 307 2126 ego
322 2071 415 2128 neque
427 2051 457 2112 in
472 2054 577 2120 causis,
592 2053 617 2110 si
631 2053 755 2128 quidest
768 2054 901 2124 evidens,
921 2056 958 2114 de
972 2074 1047 2132 quo,

53 2168 55 2172 ’
158 2151 234 2210 inter
257 2169 358 2210 omnes
383 2154 553 2222 conveniat,
576 2154 770 2227 argumentari
792 2158 892 2213 soleo:
921 2156 1029 2230 perepi-

7 2297 8 2322 q
104 2292 106 2297 -
143 2250 251 2308 'auitas
277 2251 357 2309 enim
386 2253 636 2326 argumentatione
664 2255 816 2312 elevatur:
851 2271 918 2322 neo,
944 2255 971 2312 si
996 2255 1029 2314 id

7 2327 8 2334 ἵ
156 2350 285 2406 iacerem
314 2349 345 2405 in
368 2351 463 2404 causis
483 2349 654 2416 forensibus,
672 2349 751 2407 idem
773 2351 899 2412 iacerem
921 2354 952 2412 in
971 2355 1029 2414 hae

159 2447 320 2504 subtilitate
343 2446 491 2502 sermonis.
533 2445 595 2504 Cur
618 2445 789 2502 ,contuerere
813 2454 911 2507 autem
935 2455 1027 2510 altero

157 2548 254 2614 oculu,
282 2562 370 2604 causa
397 2562 457 2602 non
483 2548 577 2614 esset3
609 2561 675 2602 corn
703 2543 781 2602 idem
806 2546 924 2604 obtutus
951 2553 1049 2617 esset*

158 2647 317 2714 amborum,
338 2649 449 2704 etcum
472 2661 565 2702 rerum
586 2648 697 2712 natura,
717 2659 803 2722 quam
818 2647 848 2702 tu
865 2644 1028 2718 sapientem

158 2743 294 2811 essoris,
316 2745 373 2802 duo
399 2743 507 2801 lumina
526 2745 563 2801 ab
584 2743 682 2801 animo
708 2745 744 2802 ad
766 2747 865 2804 oculos
884 2745 1029 2819 perforata

158 2859 211 2902 nos
227 2845 333 2900 hahere
353 2843 502 2900 voluisset.
546 2843 605 2900 Sed
619 2842 686 2916 qnia
700 2860 762 2902 aon
776 2845 952 2912 confidebas,
967 2851 1027 2915 tam

159 2959 224 2999 esse
248 2941 280 2999 id
309 2943 498 3017 perspicuum,
525 2941 635 3018 'quam
662 2949 693 3001 tu
720 2944 831 3015 velies3
875 2952 1028 3020 propterea

146 3077 149 3080 ¹
190 3095 202 3129 ⁷
218 3111 267 3156 rur,
279 3098 337 3158 quod
352 3111 423 3154 persp.
438 3098 465 3144 in
478 3097 544 3144 istum
559 3102 645 3156 portem
660 3112 688 3146 rte
705 3113 774 3158 agere,
785 3097 840 3161 ete]
858 3099 928 3146 verba
942 3099 1027 3159 perspi⁴

159 3157 254 3202 arsami.
270 3157 286 3202 a
301 3161 385 3214 portem
396 3157 457 3204 nulio
473 3157 539 3202 modo
548 3159 670 3203 cohaerent
687 3173 735 3205 cum
745 3157 831 3219 reliqua
845 3159 955 3214 oratione,
966 3164 1026 3206 aunt-

159 3227 204 3275 que
213 3215 260 3262 sine
270 3217 339 3285 dubio
348 3216 429 3286 spuria,
441 3221 464 3262 nt
474 3219 499 3261 et
509 3215 549 3263 aiii
564 3216 702 3286 judicavere.
719 3218 796 3286 itaque
813 3218 873 3264 uncie
890 3217 973 3265 inclusi
984 3231 1026 3280 pro

159 3274 220 3334 qnod
228 3279 252 3320 et
263 3274 341 3321 mehor
351 3279 379 3322 nt
389 3275 462 3334 legere
470 3288 549 3334 mrum,
559 3287 611 3336 ane
621 3281 696 3322 atatim
706 3277 773 3324 etiam
782 3281 861 3322 iterum
872 3281 907 3321 ert
916 3277 979 3335 prod.

188 3351 365 3400 'athenodoro
381 3353 486 3414 arum]
519 3353 576 3400 Mer.
596 3357 620 3400 et
635 3353 687 3400 edd.
707 3358 762 3400 vett.
781 3367 823 3414 pro
839 3354 1026 3402 unanimem
1068 3383 1070 3390 ν
1104 3389 1106 3396 ,

159 3415 271 3466 motator,
282 3409 342 3472 quod
353 3415 376 3454 et
394 3410 499 3458 Davisius
518 3412 638 3458 revocavit.
655 3413 693 3458 sed
716 3413 772 3457 haee
786 3412 890 3472 repetitio
902 3413 965 3460 verbi
980 3428 1024 3466 non

159 3468 240 3529 placet.
253 3468 330 3532 itaque
340 3471 427 3514 tuntum
436 3471 533 3527 servavi,
543 3471 602 3531 quod
612 3470 685 3518 edidit
696 3471 774 3517 Aldus.

189 3545 279 3606 ”quam
288 3551 313 3594 tu
323 3545 405 3616 veiha]
423 3547 459 3594 Sir
468 3547 522 3598 dedi
538 3563 580 3611 pro
596 3548 687 3610 vulgato
703 3548 764 3611 arlia,
774 3549 833 3614 quod
848 3549 952 3604 vitiosum
965 3566 1022 3615 aare,

159 3606 303 3664 namnetim
312 3605 453 3662 renodaret.
561 3663 562 3668 ἵ
