2538 4188
472 301 572 376 laser
586 323 764 380 smarnos.
864 305 868 312 ’
1005 339 1071 400 309

189 482 336 544 advitam
360 461 546 536 retinendam
574 495 633 536 non
658 479 863 542 necessarium.
906 481 999 542 Dedit
1018 501 1069 544 au·

130 629 142 646 .
191 590 251 644 tem
276 583 381 640 eaden
406 581 510 636 noune
535 578 629 636 omnm
653 585 1066 658 etsmnum‚etappuduuu

190 684 481 744 utauenrcomuum
506 679 707 748 hemmentad
732 685 1066 757 naundesrmdusca·
1126 735 1130 742 f

191 783 360 859 pessendos,
385 781 478 836 altero
501 786 688 839 secernerent
703 784 839 856 pestilera
852 800 870 841 a
883 783 1065 840 salutaribus.

192 882 262 941 dam
298 897 383 938 vero¹
401 879 459 938 alia
493 879 631 940 animalia
665 883 835 957 gradiendo,
859 882 917 940 alia
951 899 1066 954 serpen·

191 981 232 1038 do
254 983 291 1038 ad
316 986 434 1054 pastum·
449 979 676 1048 accedunt,alia
704 982 844 1048 volando,
867 977 925 1036 alia
952 982 1065 1038 nando:

192 1079 345 1155 cibumque
361 1082 463 1154 partim
477 1081 535 1140 oris
550 1081 641 1149 hiatu,
664 1087 695 1138 et
714 1079 851 1138 dentibus
872 1079 943 1153 ipsis
967 1097 1065 1153 capes-

193 1187 270 1246 sunt,
296 1181 399 1252 partlm
422 1181 562 1255 unguium
585 1180 746 1238 tenacitate
782 1179 933 1254 arripiunt,
960 1179 1066 1252 partim

186 1273 363 1338 aduncitate
378 1284 548 1337 rostrorum:
568 1281 626 1340 alia
640 1285 756 1354 sugunt,
770 1279 829 1338 alia
848 1283 980 1353 carpunt,
1006 1279 1066 1336 alia

191 1385 309 1446 rorant,
323 1377 382 1435 alia
398 1381 547 1439 mandunt.
591 1383 689 1454 Atque
712 1381 802 1438 etiam
826 1379 945 1438 aliorum
961 1395 997 1436 ea
1020 1383 1067 1436 est

191 1477 350 1542 humilitas,
375 1483 406 1533 ut
431 1477 529 1534 cibum
553 1485 718 1536 terrestrem
739 1479 838 1536 rostris
852 1478 938 1535 lacile
952 1479 1066 1534 contin·

191 1583 272 1652 gmu.
316 1575 1066 1649 Qunamumnadnnasuoqutmmemarucygni

192 1683 225 1733 ut
238 1693 331 1750 grues,
346 1669 377 1732 ut
390 1676 514 1744 cameli3
535 1657 710 1749 adjurantur
727 1677 902 1750 proceritate
916 1677 1065 1732 collorum.

193 1773 302 1832 Manus
315 1776 404 1832 etiam
417 1775 486 1831 data
509 1775 683 1848 elephantis,
697 1775 764 1850 quia
787 1780 902 1848 pmpter
926 1775 1067 1848 magnitu-

191 1873 292 1933 dinem
306 1875 435 1947 oorporis
449 1873 583 1932 difficiles
596 1871 616 1906 ³¹
625 1875 720 1932 aditus
732 1875 877 1932 habebant
891 1874 928 1932 ad
943 1880 1064 1947 pastum.

193 1975 245 2043 At,
260 1974 362 2050 quibus
374 1973 475 2032 bestiis
487 1981 549 2032 erat
562 1974 587 2030 is
598 1974 689 2042 cibus,
704 1981 734 2032 ut
749 1975 823 2032 alius
837 1975 952 2049 generis
964 1975 1064 2032 bestiis
1076 1975 1116 2034 48

6 2073 8 2118 ἕ
94 2105 96 2109 v
191 2082 388 2142 vescerentur,
408 2081 457 2132 aut
477 2073 559 2132 vires·
575 2081 677 2132 natura
698 2075 788 2143 dedit,
808 2081 858 2132 aut
872 2073 1063 2132 celeritatem.

190 2175 260 2232 data
273 2183 316 2233 est
332 2175 502 2252 quibusdam
514 2176 603 2234 etiam
618 2175 797 2233 machinatio
807 2155 959 2250 quaedam,
977 2180 1064 2249 atque

191 2275 340 2330 sollertia:
360 2281 391 2329 ut
404 2276 436 2330 ln
451 2275 605 2340 araneolis,
626 2275 702 2331 aliae
716 2275 798 2350 quasi
813 2281 874 2332 rete
888 2273 1002 2342 terunt,
1023 2279 1064 2340 ut,

193 2369 220 2427 si
241 2369 309 2441 quid
326 2369 496 2434 inhaeserit,
516 2370 692 2424 conficiant:
713 2373 789 2426 aliae
804 2381 901 2429 autem
919 2372 989 2430 ”ex
1003 2372 1064 2429 iuo-

195 2465 296 2538 pinato
309 2467 476 2531 observent,
491 2471 521 2522 et
543 2465 568 2520 si
582 2465 651 2538 quid
676 2465 790 2532 incidit,
805 2469 953 2540 arripiunt,
977 2472 1064 2545 idque

193 2567 378 2623 consumunt.
420 2563 495 2620 Pina
516 2579 594 2630 vero,
614 2559 701 2640 ³³(sic
715 2565 794 2621 enim
819 2564 933 2622 Graece
947 2565 1065 2646 dicitur)

192 2665 304 2722 duabus
318 2661 474 2737 grandibus
495 2665 593 2737 patula
617 2665 748 2732 co'nchis,
763 2683 830 2722 cum
855 2682 945 2738 parva
962 2666 1067 2740 squilla

194 2763 276 2840 quasi
296 2765 469 2821 societatem
493 2765 553 2821 coit
574 2765 762 2838 comparandi
787 2765 854 2822 cibi.
879 2765 977 2840 itaque
999 2783 1066 2823 cum
1159 2805 1162 2810 -

194 2864 327 2939 pisciculi
343 2863 426 2938 parvi
441 2864 471 2920 in
486 2863 630 2922 concham
640 2863 770 2922 hiantem
784 2864 993 2934 innataverint,
1005 2872 1067 2923 tum

193 2959 371 3021 ³⁴admonlt'a
395 2964 518 3039 squillae
541 2965 609 3038 pina
630 2981 734 3031 morsu,
747 2964 913 3037 comprimit
927 2967 1064 3022 conclras.

223 3137 244 3172 ³¹
259 3138 333 3185 editur
342 3139 449 3187 dedebent
458 3139 488 3186 nd
501 3139 599 3202 partum]
617 3139 640 3186 in
650 3137 708 3188 Mer.
730 3139 812 3187 ctedd.
823 3143 879 3186 vett.
891 3139 1022 3201 quibusdam
1033 3149 1067 3190 ost

193 3199 294 3254 taram,
306 3200 327 3244 in
342 3200 389 3246 Me.
399 3199 472 3247 Gnell.
485 3201 568 3246 dotent.

223 3277 247 3310 ³²
262 3283 288 3324 ul
298 3294 325 3325 err
334 3279 456 3341 inopinato]
474 3283 500 3326 ul
509 3279 565 3326 bene
575 3278 660 3326 delevit
672 3277 782 3335 Davisius,
793 3279 857 3324 abest
867 3284 891 3324 et
902 3277 948 3325 Ms.
961 3279 1035 3327 Gnelt.

223 3357 248 3389 ³³
263 3358 294 3403 rie
315 3359 375 3404 enirn
393 3358 476 3405 Graece
492 3359 587 3420 dicitnr]
612 3359 655 3404 lroc
672 3357 754 3416 frigide
768 3359 891 3405 redundat:
909 3358 998 3407 videtur
1013 3368 1067 3409 uota

194 3415 324 3474 glossatoris
335 3431 389 3464 esse.

223 3496 247 3553 ³}
260 3495 394 3543 admonitos
404 3497 487 3558 squilla
494 3495 549 3556 pino
559 3497 652 3556 morra]
669 3495 728 3544 Mer.
739 3495 822 3558 plures,
833 3500 858 3544 ut
867 3502 891 3544 et
899 3497 971 3548 ouen
984 3500 1067 3550 haben

236 3593 307 3636 roa.
323 3596 375 3636 xv.
616 3574 683 3634 33*
