2552 4208
478 315 754 371 nrsnacusnrus.
997 321 1055 386 itt

189 467 375 546 quibusdam:
398 483 473 542 quse
495 487 696 544 amoenare
718 464 868 524 dialectici
882 459 1058 544 ¹‘appollonia

187 574 220 626 ut
254 569 361 624 habere
395 565 526 633 divitias,
559 562 680 639 capere'
697 567 830 624 bonores.
881 565 1060 642 indigentia,

187 663 209 700 ⁸⁰
220 685 313 748 rerpm
334 667 459 738 ipsarum
474 671 527 732 est,
541 671 572 722 ui
588 667 737 732 bonorum,
752 671 784 722 ut
797 665 950 740 meoniae.
991 666 1060 724 Om-

188 765 269 824 nium
298 770 395 821 autem
431 763 676 838 perturbationum
714 765 825 824 iontem
852 783 917 822 esse
947 763 1060 833 dicuni,

188 863 468 936 intemperantiam:
495 882 569 940 quae
583 869 628 922 est
642 882 660 922 a
675 869 736 922 tota
750 870 858 933 mente,
870 863 890 896 ³¹
904 869 935 921 et
948 882 966 921 a
978 868 1060 922 recta

187 963 301 1020 ratione
315 963 450 1030 deiectio,
464 964 507 1022 sic
522 981 627 1020 aversa
641 980 659 1020 a
679 962 907 1037 praescriptione
930 962 1060 1032 rationis,

188 1067 220 1121 ut
235 1063 315 1118 nulio
329 1065 414 1120 inodo
428 1063 624 1136 appetitiones
645 1061 736 1119 animi
760 1079 816 1120 nec
831 1061 901 1136 regi,
916 1079 971 1119 nec
990 1079 1060 1118 con·

188 1158 276 1218 tineri
290 1167 406 1235 queant.
418 1161 659 1234 quemadmodum
673 1161 760 1234 igitur
771 1159 963 1234 temperantia
977 1161 1061 1217 sedat

187 1259 391 1334 appetitiones,
406 1265 436 1316 et
450 1260 547 1328 efficit,
562 1266 593 1318 ut
607 1278 661 1317 eae
675 1265 773 1318 rectae
794 1259 900 1318 rationi
922 1264 1059 1333 pareanir

187 1364 400 1432 conservatque
425 1357 607 1420 considerata
622 1359 735 1432 judicia
759 1359 883 1418 mentis:
920 1359 963 1418 sic
990 1359 1060 1417 huic

188 1457 308 1516 inimica
330 1457 566 1527 intemperantia,
587 1476 703 1515 ornnem
720 1459 811 1517 animi
825 1463 933 1516 stattnn
947 1458 1060 1516 iniiam·

189 1561 258 1623 mat,
283 1557 445 1620 conturbat,
473 1554 587 1612 incitat.
617 1555 714 1629 itaque
742 1561 771 1613 et
800 1556 1006 1630 aegritudines,
1030 1562 1061 1614 et

188 1661 292 1721 metus,
307 1659 336 1710 et
352 1653 479 1728 retiquae
493 1653 722 1726 perturbationes
736 1671 838 1710 omnes
851 1655 1008 1728 gignuntur
1021 1673 1060 1712 ex

189 1771 234 1812 ea.
277 1753 527 1826 Quemadmodum
542 1769 608 1809 cum
633 1751 749 1826 sanguis
771 1757 921 1828 corruptus
942 1758 996 1822 est,
1010 1759 1060 1812 aui
1073 1753 1112 1812 id

187 1853 293 1930 pituita
308 1854 457 1922 redundat,
478 1857 528 1910 aut
543 1853 618 1920 bilis,
632 1852 663 1910 in
686 1871 807 1926 corpore
821 1854 912 1924 morbi
931 1861 1060 1928 aegrota-

187 1955 339 2028 tionesque
364 1960 530 2020 nascuntur,
551 1951 594 2010 sic
617 1969 771 2025 pravarum
795 1953 967 2026 opinionum
991 1972 1060 2012 con·

188 2053 322 2120 turbatio,
346 2057 376 2110 et
400 2052 527 2126 ipsarum
553 2052 631 2108 inter
648 2070 680 2108 se
705 2053 908 2126 repugnantia,
932 2053 1059 2110 sanitate

187 2153 292 2225 spoliat
308 2152 445 2218 animum,
460 2151 623 2227 morbisque
645 2153 800 2224 perturbat.
841 2151 890 2210 Ex
912 2155 1059 2226 perturba·

188 2251 315 2309 tionibus
344 2256 442 2308 antem
470 2251 591 2324 primum
627 2247 719 2309 morbi
754 2251 957 2320 coniiciuntur,
984 2270 1060 2327 quaa

187 2356 297 2408 vocant
326 2350 378 2408 itii
399 2373 537 2418 ιοσημιιτα,
564 2369 666 2425 eaque,
688 2369 762 2425 quae
790 2356 857 2409 suut
880 2351 924 2409 eis
951 2351 1059 2410 morbis

188 2448 341 2506 contraria.
356 2465 428 2520 quae
452 2449 562 2504 habent
575 2449 612 2505 ad
633 2467 678 2505 res
702 2456 798 2507 certas
814 2449 951 2508 vitiosam
970 2452 1060 2508 offen·

188 2545 301 2602 sionem
321 2549 407 2619 atque
428 2545 591 2603 fastidium:
613 2547 720 2604 deiude
741 2549 964 2622 aegrotationes,
984 2567 1059 2627 quae

186 2645 369 2717 appeitantur
390 2661 407 2700 a
425 2644 533 2701 Stoicis
554 2649 754 2722 ap’p'orrnmae,
771 2645 873 2722 bisque
887 2647 958 2705 item
972 2665 1060 2720 oppo-

187 2744 262 2802 sitae
276 2745 441 2801 contrariae
454 2744 638 2802 offensiones.
661 2747 727 2802 Hoc
742 2748 808 2802 ioco
822 2745 942 2803 nimium
953 2763 1059 2819 operae

187 2842 366 2901 consumitur
393 2859 412 2898 a
441 2841 558 2908 Stoicis,
587 2841 714 2900 maxime
741 2861 759 2900 a
787 2843 963 2917 Chrysippo,
990 2845 1059 2904 dum

187 2941 295 3000 morbis
309 2958 460 3014 corporum
475 2944 657 3012 comparatur
677 2943 840 3034 morborum
854 2942 945 3000 animi
958 2943 1059 3002 simili·

185 3042 266 3100 tudo.
281 3058 338 3114 qua
357 3040 490 3098 oratione
513 3040 715 3113 praetermissa
739 3039 860 3100 minime
883 3043 1059 3112 neccssaria,
1128 3063 1132 3073 ⁸

186 3157 232 3208 ea,
245 3156 318 3215 quae
341 3157 402 3198 rem
425 3139 592 3207 continent,
613 3144 830 3212 pertractemus.
872 3143 1059 3216 lntettigatur

186 3240 283 3318 igitur,
311 3239 566 3316 perturbationem,
597 3237 779 3314 jactantibus
806 3257 838 3298 se
871 3241 1058 3316 opinionibus

215 3393 447 3451 ”earumipsarum
464 3394 513 3458 ert]
544 3393 658 3454 Bentlejur
669 3395 767 3444 correxit
776 3394 811 3443 n't.
829 3399 859 3443 art
876 3411 929 3445 sane
944 3400 1003 3445 stare
1013 3410 1058 3445 non

186 3458 267 3516 potest.
279 3467 322 3514 ego
329 3455 405 3501 malins
415 3453 493 3500 aeleri.

216 3531 272 3602 aff
286 3537 367 3602 areum
381 3532 476 3604 fatone]
492 3533 536 3578 hcc
554 3546 715 3604 supervacuum
734 3541 768 3580 ert
779 3549 824 3640 per
840 3537 963 3598 sequentia.
982 3535 1058 3600 tuqus

187 3589 292 3638 oauuus
311 3606 372 3638 uncas
383 3592 479 3649 rnciunt,
495 3595 522 3638 ut
537 3605 645 3655 spanum.
675 3593 701 3642 ln
719 3591 778 3642 Guei
789 3629 793 3642 .
805 3594 868 3644 deest
878 3599 905 3658 ei,
916 3596 975 3660 quod
985 3599 1060 3645 firmat

187 3650 512 3710 mensatimuarreriorran.

793 3503 795 3511 r
