2552 4208
449 341 741 396 arsasseourrocs.
991 344 1053 412 lot

181 491 230 562 slt,
240 507 301 553 ooo
311 493 405 554 solam
418 494 549 552 animam
570 492 589 526 '¹
605 492 780 568 eomprlmll,
793 493 844 552 sed
856 493 950 570 ipsum
963 493 1053 555 etism
1091 517 1095 526 ·

182 593 322 661 dolorem,
336 593 447 660 neseio,
458 610 515 669 quo
530 599 625 668 paolo,
640 593 783 652 millorem
795 593 874 652 looib
916 595 959 653 Ut
974 597 1052 654 enim
1064 595 1107 656 23

181 691 221 752 sit
234 693 266 750 in
280 691 401 766 praelio,
423 699 456 750 ul
469 694 594 768 ignavus
613 694 697 752 miles
711 709 746 751 ao
771 693 897 762 timidus,
918 694 1003 754 simul
1017 709 1054 754 so

182 793 298 852 virleret
312 793 435 874 bostem,
448 793 565 867 abieoto
582 780 670 852 souto
687 793 787 868 lugiet,
802 799 939 869 quantum
955 795 1054 867 possit,

182 895 222 954 ob
235 909 358 968 eamque
370 905 488 954 eatbam
509 899 608 968 pereat
628 909 856 968 nonnumquam,
869 893 958 950 eliam
980 893 1054 951 iute-

181 1011 234 1069 gro
247 1009 376 1068 oorpore,
390 1011 457 1052 oum
475 994 514 1061 ei,
527 994 577 1068 qui
590 993 714 1061 steterit,
734 993 806 1050 nibil
827 996 887 1051 tale
899 993 1053 1052 evenerit:
1111 971 1118 988 ⁸
1163 1047 1176 1068 ,

181 1093 236 1160 sio,
250 1092 299 1166 qui
313 1094 419 1151 doloris
432 1091 562 1162 speeiem
585 1092 659 1150 terre
673 1108 732 1150 non
758 1097 888 1166 possunt,
911 1091 1055 1166 abjiciunt

181 1211 224 1259 se,
250 1199 337 1267 alque
355 1192 399 1262 'ila
413 1192 515 1250 slllioli
527 1199 558 1250 st
572 1191 734 1250 exanimati
742 1191 863 1264 jaoent:
884 1192 933 1266 qui
956 1197 1054 1250 aulem

181 1291 360 1359 restiterunt.
397 1292 552 1350 discedunt
585 1291 756 1365 saepissime
790 1291 959 1365 superiores.
986 1296 1055 1350 sunl

181 1392 262 1451 enim
283 1391 426 1468 quaedam
439 1391 532 1449 animi
555 1391 762 1449 similitudines
776 1407 843 1450 oum
864 1409 1001 1466 corpore:
1022 1395 1055 1450 ut

180 1489 203 1524 '¹
212 1507 301 1550 onem
315 1491 462 1550 eontentio
476 1491 644 1563 corporibus
654 1491 768 1548 laoilius
779 1492 917 1557 somnior,
928 1489 1055 1549 remissis

182 1591 367 1666 opprimuntr
388 1589 537 1647 simillime
551 1589 666 1646 anirnus
680 1590 846 1646 intentione
857 1605 910 1646 aua
928 1587 1055 1661 ”depel-

181 1690 218 1750 lit
232 1707 360 1763 pressum
375 1705 492 1746 omnem
507 1688 683 1761 ponderum
704 1687 874 1744 remissione
893 1692 989 1745 aulem
1011 1687 1055 1746 aio

181 1798 307 1866 urgetur,
322 1796 353 1849 ut
368 1809 400 1848 se
415 1793 542 1864 nequeat
553 1789 705 1846 extollere.
747 1787 795 1856 Et,
809 1787 835 1845 si
856 1805 956 1846 verum
970 1805 1056 1864 quoee

182 1891 280 1958 rimus,
307 1891 338 1948 in
366 1889 502 1948 omnibus
528 1888 632 1948 officiis
661 1887 867 1962 persequendis
894 1889 987 1946 animi
1010 1892 1056 1946 est

183 1990 349 2048 adhibenda
375 1991 537 2048 eontentio.
565 2005 601 2046 ea
628 1995 672 2045 est
700 1990 762 2046 sola
788 1987 878 2045 ofloii
910 1993 1057 2063 tamquam
1128 2051 1133 2069 1

183 2091 325 2148 oustodia.
339 2090 390 2147 sed
405 2091 461 2148 boo
476 2089 594 2164 quidem
607 2089 638 2146 in
653 2089 753 2146 dolore
773 2088 902 2146 maxime
924 2093 969 2144 est
993 2103 1056 2161 pro

182 2189 353 2257 videndum,
367 2207 405 2247 ne
422 2190 490 2264 quid
505 2189 630 2263 abjecte,
654 2188 773 2264 nequid
799 2187 909 2252 timide,
924 2205 962 2244 ne
986 2184 1056 2262 quill

182 2288 302 2362 ignave,
315 2307 355 2346 ne
370 2289 437 2364 quid
449 2289 604 2354 serviliter,
615 2287 831 2344 muliebriterve
845 2287 1002 2346 leniamus:
1023 2287 1056 2345 ln

184 2387 342 2460 primisque
367 2385 513 2453 refutetur,
535 2403 570 2442 ao
596 2385 743 2459 rejiciatur
766 2386 984 2446 Philoctetaeus
1004 2387 1057 2445 ille

185 2483 306 2540 olamor.
333 2483 526 2557 ingemiscere
551 2500 765 2558 nonnumquam
793 2484 858 2542 viro
884 2501 1057 2544 conoessum

187 2584 241 2641 est.
264 2578 384 2653 “idque
412 2597 495 2640 raro:
526 2581 649 2654 ejulatur
677 2599 714 2639 ne
735 2583 849 2640 mulieri
874 2584 999 2658 quidem.
1026 2589 1058 2642 et

185 2677 263 2737 “bio
283 2679 416 2736 nimirum
430 2685 476 2737 est
495 2681 596 2746 lessus,
615 2697 701 2755 quem
721 2681 875 2738 duodeolm
891 2685 1005 2740 tabulae
1025 2683 1058 2740 in

184 2778 333 2838 funeribus
348 2779 480 2837 adbiberi
495 2783 659 2838 vetuerunt.
694 2780 760 2837 Neo
787 2795 857 2835 vero
871 2795 1005 2854 umquam
1019 2795 1057 2838 na

213 2934 233 2966 ⁹¹
250 2933 384 2996 comprimit]
411 2933 443 2981 eis
461 2949 505 2982 non
526 2933 658 2992 samninus,
679 2937 704 2980 ut
724 2931 807 2980 habent
827 2932 921 2994 vulgali,
940 2934 1059 2993 legendum

184 2994 557 3102 πιιὲὶιῖειὲιὶζεειῖιιῇηέἕὲζὶὺάοιοι.
590 2993 622 3041 lb
632 2993 663 3041 sio
680 2991 764 3040 habent
774 2992 825 3040 edd.
843 2997 900 3040 vett.
919 2991 977 3041 Ven.
988 2993 1056 3041 Mea.

215 3131 239 3166 ⁸¹
252 3147 327 3188 onera,
355 3145 373 3179 e.
393 3147 410 3179 r.
423 3133 448 3190 J.
461 3135 586 3191 feruntur,
604 3131 703 3180 remissis
716 3131 853 3194 opprimunt]
874 3130 909 3178 bio
919 3129 998 3178 vitium
1010 3135 1055 3180 est:

184 3205 235 3238 naar
247 3193 287 3238 albi
298 3193 398 3239 membru
408 3205 452 3240 non
468 3193 607 3254 respondent,
641 3193 746 3252 corrigar
763 3205 829 3238 onera
847 3215 856 3224 -
870 3196 941 3238 -sonl
960 3198 1017 3238 αι.
1030 3192 1057 3249 f.

175 3249 401 3368 Ιιτιιοιιριμιινιὲῃιῖἒιίὶα
412 3265 441 3300 sc.
459 3267 563 3314 corporo,
572 3252 706 3310 opprimunt.
739 3251 764 3300 lo
775 3249 822 3298 Ma.
840 3249 915 3298 orell.
936 3251 1059 3308 miseruut

215 3388 238 3422 ⁹³
255 3390 344 3447 depellit
351 3390 461 3451 prorsum]
484 3389 656 3448 immorrpsllil.

215 3467 236 3502 ⁹⁴
253 3469 391 3530 idquerors]
413 3469 468 3516 mihi
483 3485 527 3516 non
539 3471 613 3531 placet
627 3469 701 3530 idrus.

215 3545 237 3578 ⁹⁵
254 3547 290 3592 bio
300 3563 324 3594 n.
344 3551 373 3592 rat
384 3549 470 3606 terrun]
503 3547 585 3594 bessus
595 3548 647 3594 drrli
658 3563 707 3596 oum
724 3545 820 3599 Daviaio
834 3563 875 3608 pro
886 3545 965 3608 stetur,
976 3549 1058 3610 parlin

185 3605 257 3654 ebir.
272 3606 355 3668 partim
363 3621 391 3655 ex
400 3619 432 3654 ra.
444 3605 496 3668 quia
505 3607 573 3656 lanus
583 3607 605 3654 in
615 3607 672 3666 legg.
684 3607 738 3656 xli.
750 3607 811 3657 trba.
822 3608 888 3658 luisse
898 3610 1003 3658 truditur.

1047 3731 1066 3764 Ι
