2548 4208
497 311 599 365 unna
617 313 773 368 ausurus.
988 321 1051 384 251

179 469 342 534 venentur,
356 463 389 524 ln
402 463 496 523 oeulis
509 466 568 522 tate
579 462 653 523 nihil
664 463 703 524 dt
715 461 828 524 animus
842 463 960 540 scalpit,
979 478 1054 542 quus

179 567 323 626 videmus.
366 563 478 622 Animo
491 568 588 622 autern
608 563 708 622 multis
723 565 815 624 modis
836 563 982 642 variisque
1006 565 1056 626 de·

177 666 283 726 leotari
318 665 399 732 lieet,
431 664 521 722 etium
547 664 573 724 si
601 681 661 722 non
688 666 860 724 adhibeatur
889 667 1055 740 adspectus.

178 767 297 840 Loquor
310 762 390 820 enirn
403 765 442 822 de
463 764 552 823 dooto
562 765 682 823 homine
702 770 733 823 et
752 761 875 832 erudito,
888 763 938 822 eui
952 763 1055 824 vivere

157 891 160 896 ¹
178 871 235 932 eat,
249 862 389 938 cogitare.
404 863 546 938 sapientis
567 871 665 923 autem
678 865 820 940 cogitatio
833 881 893 922 uon
906 864 996 920 terme
1018 862 1057 923 ad

179 962 417 1037 investigandum
435 961 458 995 ⁶³
469 965 589 1022 adhibet
602 967 704 1022 oeulos
724 966 895 1022 advocatos.
935 959 1057 1022 Etenim

177 1063 206 1120 si
221 1078 280 1120 nox
295 1077 354 1120 non
366 1063 469 1122 adimit
485 1064 578 1124 ritem
600 1066 727 1130 beatam,
741 1081 794 1121 our
807 1061 872 1120 dies
884 1061 965 1119 noeti
978 1057 1056 1118 siml·

180 1161 218 1219 iia
233 1158 367 1218 adinum?
387 1179 456 1220 nam
479 1165 552 1220 illud
567 1163 719 1237 Antipatri
744 1160 905 1236 Cyrenaici
927 1165 973 1218 est
996 1158 1057 1234 qul-

153 1251 160 1264 “
180 1261 249 1320 dem
263 1261 362 1334 paullo
374 1260 560 1330 obscoenius,
578 1260 662 1320 “sed
682 1279 742 1320 non
763 1261 886 1318 absurda
908 1259 1057 1318 sententia

178 1367 244 1419 est:
264 1363 348 1435 eujus
366 1357 542 1416 eaecitatem
562 1377 630 1418 oum
650 1361 840 1418 mulierculae
864 1339 1056 1416 lamentaren-

180 1465 235 1528 tur,
246 1449 327 1522 Quid
333 1455 450 1534 agitio?
469 1457 580 1534 iuquit:
600 1475 639 1515 un
651 1458 728 1516 uoltis
741 1457 822 1516 nuda
839 1455 947 1514 videtur
964 1453 1057 1532 uolup-

179 1565 227 1616 tas
241 1575 300 1616 ease
314 1554 481 1614 murrea?
522 1556 652 1630 Appium
672 1559 789 1632 quidem
812 1563 943 1614 veterem
964 1555 1058 1624 illuns,

178 1657 231 1734 qui
245 1673 351 1715 oaeeus
365 1673 457 1713 annos
472 1657 578 1712 multos
599 1653 664 1722 luit,
685 1661 715 1712 et
735 1653 805 1712 ⁶⁵ex
832 1653 1057 1727 magistratibus,

178 1763 264 1814 etex
284 1757 369 1814 rebus
393 1753 484 1829 gestis
499 1752 698 1828 intelligimus,
713 1753 745 1810 in
771 1753 824 1810 illo
838 1769 890 1810 suo
914 1769 984 1810 casu
998 1767 1056 1810 neo

180 1854 306 1930 privato,
321 1871 376 1912 neo
397 1851 515 1928 publico
531 1853 644 1908 muneri
665 1852 801 1910 defuisse.
844 1853 877 1910 G.
904 1850 993 1908 Drusi
1006 1851 1056 1908 do·

179 1969 259 2012 mum
286 1952 427 2026 eompleri
450 1970 467 2010 a
490 1952 704 2010 consultoribus
731 1951 847 2009 solitam
866 1949 1055 2024 aooepimus:

179 2067 256 2120 eum,
270 2070 389 2127 quonum
402 2069 449 2109 res
462 2058 550 2120 esset,
572 2069 625 2110 sua
646 2052 709 2125 ipsa
729 2067 789 2108 nou
812 2051 964 2116 ridebant,
988 2063 1054 2108 oad-

178 2167 247 2210 eum
271 2153 448 2223 adhibebant
471 2153 584 2209 ducem.
628 2151 730 2209 Pueris
752 2151 846 2217 uobis,
872 2149 927 2207 Cn.
956 2147 979 2179 ⁶⁸
994 2149 1055 2206 Au⁴

180 2251 265 2309 lidius
279 2251 436 2324 praetorius
450 2255 481 2307 et
495 2251 526 2308 in
540 2255 643 2307 senatu
657 2251 835 2308 seutentiam
855 2248 982 2314 dicebat,
996 2251 1055 2304 ned

180 2349 285 2406 amieis
304 2348 532 2406 deliberantibus
554 2349 663 2414 deerat,
685 2354 716 2404 et
738 2349 884 2405 Graecam
908 2345 1055 2404 scribebat

181 2443 342 2510 historiam,
374 2441 437 2500 ⁰'et
460 2445 581 2502 videbat
604 2445 636 2500 in
661 2443 772 2500 littoris.
816 2445 961 2505 Diodotus
989 2448 1053 2504 Sto
1064 2445 1107 2506 39

182 2541 256 2610 leus,
276 2556 391 2607 oseem,
416 2543 520 2598 multos
541 2557 634 2600 annos
652 2541 731 2598 domi
756 2546 871 2598 nostrae
897 2543 982 2600 vixit.
1024 2543 1054 2600 la

181 2655 265 2706 vero,
288 2639 365 2714 quod
385 2639 527 2696 credibile
548 2639 600 2697 vix
614 2645 701 2708 esset,
725 2655 792 2698 oum
816 2639 847 2696 in
871 2640 1055 2712 philosophia

181 2741 274 2798 multo
286 2744 378 2796 ettam
393 2738 485 2812 magis
499 2738 622 2805 assidue,
633 2755 717 2812 quem
731 2745 828 2806 antea,
844 2743 1014 2804 versaretur,
1024 2743 1055 2796 at

182 2855 250 2896 eum
272 2838 375 2895 fidibus
399 2837 647 2912 Pythagoreorum
676 2855 754 2894 more
774 2843 910 2904 uteretur,
930 2847 1054 2912 eumque

182 2937 212 2994 oi
232 2935 299 2994 libri
313 2941 424 3006 nootes,
438 2941 470 2993 et
495 2936 559 2994 dies
583 2938 757 3012 tegerentur,
776 2936 880 3012 quibua
900 2936 931 2996 iu
951 2935 1056 2996 studiis

212 3090 236 3125 ⁸³
249 3089 340 3138 euntes
348 3092 420 3139 ontlor
428 3093 548 3155 admonius]
564 3105 609 3139 non
621 3092 698 3152 placet
707 3091 826 3139 rdwrutoa

211 3168 236 3203 θ*
249 3169 288 3216 ssd
296 3183 340 3217 nou
350 3171 448 3218 adsurde
456 3171 564 3220 sententio
579 3172 617 3234 ert]
634 3171 711 3219 malim
721 3176 752 3218 est
761 3171 845 3218 abesse.

211 3248 235 3282 θ’
249 3265 276 3296 on
285 3250 459 3314 metaturum]
475 3267 529 3312 ergo
538 3253 606 3300 etiam
616 3265 694 3298 caecus
708 3251 849 3311 magistratus
859 3249 948 3310 grsrttt’

211 3328 235 3362 ω
249 3329 360 3390 Aufidius
373 3331 526 3436 munusturi!
548 3331 627 3401 Pighio
637 3330 727 3402 videtur
745 3331 870 3398 addentium
884 3343 980 3402 laurent:
995 3329 1054 3392 quod

87 3405 93 3420 t
182 3403 236 3438 tane
245 3389 329 3450 ploret,
337 3389 464 3452 placarique
474 3396 498 3438 et
527 3391 612 3438 uherro.
644 3393 681 3436 Sua
689 3396 711 3436 et
721 3398 772 3451 post
784 3389 874 3436 additur
883 3403 905 3436 ru
916 3389 1023 3437 Diodoto.

212 3467 235 3500 ⁶⁷
251 3468 400 3516 trutmonia
410 3469 507 3530 littorio]
539 3468 599 3516 Viris
632 3468 705 3516 uiden
715 3469 788 3516 doctis
804 3468 875 3514 visum
887 3475 920 3516 est
937 3469 1055 3528 legendum

182 3525 274 3632 lim:
283 3527 459 3634 ggssaedidil
469 3482 649 3606 Daririuunati
666 3527 781 3589 vulgatum
800 3528 880 3578 ruallus
890 3533 914 3580 rt
930 3529 1056 3594 sinuatur
