2548 4208
227 421 292 484 atu
455 411 590 466 ruscum
606 413 848 470 apamiarum

226 569 341 642 pestate
368 564 559 639 confugimus.
601 565 628 624 0
654 565 734 626 vitae
757 565 944 640 philosophis
963 566 1041 626 dart
1072 585 1095 628 ι

228 663 346 724 virtutis
359 662 535 739 indagatrix,
548 663 754 742 expultrixque
774 665 933 723 vitiarumt
954 665 1022 740 quid
1035 683 1098 727 nou

226 765 315 824 modo
334 778 396 832 nos,
417 763 470 821 aeri
493 762 613 821 omnino
635 763 700 822 vita
720 763 870 823 homiuum
893 764 959 823 aine
979 767 1010 822 te
1030 776 1097 822 ειη

226 862 391 939 potuisset?
419 867 450 922 tu
463 864 549 920 urbes
563 863 720 938 peperisti:
741 870 773 923 tu
794 863 950 938 dissipatos
963 865 1097 926 hominos
1188 919 1190 923 .

225 963 258 1022 in
272 964 443 1022 societatem
453 961 740 1024 vitaecouvocaatir
760 945 944 1022 mminter
955 979 989 1022 sa
1001 964 1099 1038 prim

224 1063 391 1132 domiciliis,
403 1063 510 1122 deiurio
518 1063 671 1139 conjugiis,
682 1060 1096 1124 tum'iittsmrumstrocum

224 1163 430 1220 communione
445 1162 587 1237 junxisti:
609 1167 640 1220 tu
658 1159 808 1219 inventrix
828 1162 935 1235 legum,
947 1165 979 1218 tu
992 1163 1097 1238 magia

224 1263 272 1317 ira
284 1277 404 1328 morum,
417 1265 448 1318 et
468 1260 645 1333 disciptinae
665 1259 756 1318 suisti.
780 1260 819 1317 ari
842 1264 872 1318 te
895 1260 1094 1336 confligimus:

225 1373 245 1416 a
268 1361 302 1415 te·
322 1375 408 1432 apem
428 1357 570 1432 petimus:
591 1357 645 1416 tibi
669 1374 732 1426 noa,
755 1363 900 1418 utantur
924 1373 1031 1436 ngas
1054 1377 1094 1420 ex

224 1463 317 1532 parte,
327 1458 371 1516 sic
384 1469 464 1518 uuuc
477 1457 603 1532 penitus,
617 1457 909 1534 totasquctradimua.
923 1460 984 1543 Eat
994 1465 1095 1520 sutem

223 1573 298 1616 uuus
311 1558 375 1616 dies
385 1559 470 1627 bene,
484 1563 514 1616 et
533 1575 572 1616 cx
588 1557 751 1632 praeceptis
773 1559 830 1616 tuis
842 1564 936 1628 actus,
954 1542 1095 1634 peccasti

222 1655 434 1716 immortalitati
464 1659 694 1731 anteponendus.
744 1657 838 1734 eujus
877 1659 965 1734 igitm
998 1660 1096 1733 potiris

221 1759 326 1831 opibus
339 1764 460 1827 utamur,
473 1775 558 1832 quam
573 1755 652 1816 tuis?
671 1773 745 1832 quas
764 1763 795 1820 ct
808 1759 889 1818 vitae
902 1759 1094 1834 tranquillita—

222 1859 284 1912 tem
305 1857 407 1930 largita
428 1857 512 1913 uobis
535 1873 577 1922 es,
600 1861 630 1914 et
659 1862 798 1916 mirorem
821 1857 922 1915 mortis
942 1858 1094 1916 sustulisti.

224 1955 273 2013 Ac
288 1955 470 2029 philosophia
489 1955 606 2029 quidem
620 1962 732 2014 tantum
752 1957 845 2024 snut,
858 1963 890 2015 ut
904 1957 1033 2031 proinde,
1054 1973 1092 2016 ac

223 2055 261 2111 sia
274 2053 424 2111 homiuum
438 2057 484 2110 est
498 2054 559 2112 vita
574 2055 686 2124 merita,
699 2057 850 2126 laudatura
870 2059 902 2114 ut
914 2071 934 2112 a
946 2056 1092 2132 pierisquc

222 2154 369 2224 neglecta,
401 2153 537 2210 amuitia
561 2153 650 2211 etiam
673 2153 862 2228 vituperetur.
913 2153 1093 2229 vituperare

106 2285 110 2294 ·
222 2251 371 2327 quisquam
386 2251 466 2308 vitae
481 2257 642 2324 parentem,
655 2256 686 2310 et
701 2254 756 2310 hoc
780 2251 938 2327 parricidio
950 2271 984 2310 aa
998 2253 1091 2328 ἱιηιί·

221 2367 293 2408 mare
303 2347 410 2408 audet?
428 2355 528 2408 ettam
543 2351 633 2424 impie
650 2351 780 2426 ingratus
796 2367 870 2420 esse,
880 2357 912 2409 ut
923 2365 989 2410 esar
1005 2365 1092 2410 accu-

221 2454 276 2515 set,
289 2466 374 2524 quam
395 2451 491 2508 vereri
510 2451 638 2519 deberet,
663 2452 754 2510 etiam
780 2451 806 2508 si
829 2451 925 2509 minus
939 2452 1090 2525 percipere

221 2546 382 2622 potuisset?
416 2549 486 2618 Seri,
497 2554 528 2606 ut
541 2550 654 2623 opinor,
668 2551 718 2607 iric
733 2567 820 2618 error,
833 2555 863 2607 et
875 2551 949 2608 iaaac
959 2551 1091 2610 indocto·

220 2625 401 2707 mm‘animis
415 2649 506 2706 otiosa
530 2649 627 2721 caiigo
647 2653 700 2715 est,
725 2650 801 2724 quod
825 2653 886 2706 tam
906 2651 993 2723 longe
1012 2655 1090 2706 retro

219 2747 363 2822 respicere
387 2765 446 2806 nou
461 2751 596 2820 possunt:
617 2765 674 2806 uec
688 2765 748 2816 ecs,
768 2748 901 2822 aquibus
923 2747 984 2806 vita
999 2747 1090 2804 homi·

189 2872 192 2878 =
218 2865 287 2904 num
302 2847 443 2904 instructa
459 2847 557 2920 primis
572 2847 619 2916 sit,
639 2847 727 2904 tuisse
747 2845 936 2921 phiicsophos
949 2847 1089 2906 arbitran-

217 2949 272 3004 tur.
302 2947 395 3018 Quam
411 2963 470 3004 ren
485 2946 714 3022 antiquissimam
725 2963 792 3004 cum
807 2929 1089 3014 videamus,‘uome'u

188 3039 315 3101 {ttamen
347 3045 518 3100 confitemur
545 3061 609 3101 esse
638 3061 748 3100 recens.
802 3045 882 3101 Nam
911 3043 1088 3116 sapientiam

217 3143 333 3218 quidem
347 3143 440 3213 ipsam
466 3141 528 3214 quia
554 3147 660 3214 negare
685 3147 780 3214 pateat
794 3159 854 3200 non
879 3144 965 3198 morio
978 3143 1009 3200 re
1023 3157 1089 3198 ease

217 3245 375 3318 antiquam,
402 3259 501 3298 verum
525 3241 613 3298 etiam
640 3239 780 3300 nomine?
810 3260 884 3316 quae
911 3241 1088 3307 divinarum,

216 3342 464 3416 humanarumque
485 3357 587 3406 rerum,
611 3345 671 3396 tum
690 3340 848 3406 initiorum,
870 3356 1091 3414 causarumque,

217 3441 354 3514 cujusque
382 3440 424 3496 rei
451 3436 619 3512 cognitione
648 3440 703 3496 hoc
737 3439 941 3512 pulcerrimum
980 3454 1088 3498 nomen

189 3591 191 3596 '
245 3592 429 3698 ⁷.b²²''¹‘',“”⁴m‘⁸
446 3595 618 3655 aarumcumml
634 3593 649 3642 i.
660 3608 679 3641 e
699 3605 809 3652 sermone,
823 3591 861 3654 qui
877 3596 964 3640 coastat
980 3589 1089 3640 litariset

216 3665 266 3698 roci
283 3665 314 3698 us.
