2552 4208
475 285 737 346 trasuuauurua.
984 292 1045 362 ηπ

294 483 375 535 Nolite
389 481 493 544 (inquit)
508 477 608 543 hospites
614 477 641 513 ’ω
649 479 677 526 ad
688 493 724 526 me
732 476 795 526 adire
803 475 856 526 ilias
869 473 919 526 true
928 491 936 538 ἦ

295 564 316 600 ⁵²
325 563 363 612 Ne
377 562 482 620 mugio
491 575 541 608 mea
551 560 624 617 bouis,
634 559 741 606 umbrare
749 557 823 608 obsit:

295 641 414 692 Tentoria
429 640 517 688 soelsris
526 640 549 686 in
558 653 652 701 corpore
667 639 752 686 haeres
776 665 782 674 »

178 779 229 844 'l'u
255 787 294 851 te,
309 781 455 855 Thyesta,
468 779 630 847 damnabis,
649 778 822 854 orbabisque
845 779 911 836 iuoe
931 780 1047 852 propter

177 881 239 940 rim
260 881 379 940 sceleris
393 877 507 938 alieni?
528 875 628 952 Quid?
647 877 835 937 illumilium
850 877 928 936 Solis
948 893 1047 938 noune

177 979 268 1056 patris
281 980 371 1056 ipsius
383 981 448 1038 iuee
462 979 614 1054 iudignum
626 975 731 1053 putas?

325 1136 442 1194 defugere
457 1136 531 1184 oeuii:
548 1148 628 1196 eorpus
643 1133 714 1182 macie
723 1132 842 1182 extabuit:

324 1215 452 1272 lacrymae
466 1213 577 1274 peredere
587 1213 681 1260 humore
690 1214 806 1272 exsanguia
815 1227 899 1274 genas:

326 1295 407 1342 ”Situ
422 1294 505 1340 nidoris
514 1293 584 1340 herba
600 1293 698 1356 paedore
713 1293 814 1351 horrida,

326 1376 403 1436 Atque
412 1373 500 1421 intonsa
511 1373 604 1422 iniuseat
614 1379 692 1434 peetus
702 1372 781 1420 illuvie
791 1363 900 1420 merua.

178 1515 263 1576 Haec
287 1516 375 1583 maia,
399 1531 418 1572 o
438 1514 608 1572 stultissime
624 1514 731 1580 Aeeta,
751 1512 813 1585 ipse
829 1513 882 1570 tibi
902 1509 1051 1579 addidisti.

179 1631 239 1674 uon
263 1614 378 1672 inerant
406 1612 437 1670 in
462 1612 517 1680 bis,
538 1629 612 1686 quae
633 1611 686 1667 tibi
711 1627 795 1667 casua
821 1611 999 1681 invexerat3
1019 1616 1050 1670 et

179 1713 296 1789 quidem
312 1713 478 1770 inveterato
492 1713 578 1779 maio,
591 1727 658 1772 cum
673 1715 767 1766 tumor
779 1709 871 1767 animi
884 1711 1049 1768 resedisset.

178 1807 269 1890 ⁵'[est
295 1818 391 1871 eutem
412 1811 572 1886 aegritudo,
586 1816 616 1866 ut
631 1809 753 1876 docebo,
766 1808 797 1866 iu
820 1808 960 1881 opinione
980 1809 1052 1868 mali

178 1907 320 1988 recentia]
341 1913 392 1968 sed
407 1923 520 1969 moeres
545 1909 686 1968 videlicet
708 1907 790 1983 regui
814 1908 968 1978 desiderio,
990 1927 1051 1970 uon

177 2011 266 2071 filiae.
290 2010 371 2068 iiiam
391 2011 469 2068 euim
489 2011 602 2076 oderas,
616 2013 645 2066 et
660 2008 728 2082 jure
741 2008 871 2066 sortasse.
886 2026 977 2084 reguo
989 2024 1051 2070 uon

177 2128 271 2186 aequo
301 2110 400 2168 animo
426 2112 556 2168 carebas.
584 2114 630 2166 est
656 2113 754 2166 autem
778 2107 930 2182 impudens
955 2109 1050 2166 luctus

177 2227 307 2269 moerore
332 2227 363 2266 se
390 2208 585 2274 conficientis,
606 2209 682 2282 quod
702 2208 845 2280 imperare
873 2225 932 2266 non
961 2209 1051 2268 liceat

177 2309 287 2368 liberis.
328 2309 491 2383 Dionysius
512 2309 629 2382 quidem
651 2313 801 2380 tyrannus,
822 2291 976 2379 Syracusis
1000 2325 1051 2366 ex·

178 2410 288 2482 pulsus,
311 2407 446 2464 Corinthi
474 2423 577 2479 pueros
596 2407 731 2462 docebat.
753 2423 843 2480 usque
871 2424 907 2462 eo
929 2405 1052 2480 imperio

180 2521 350 2564 carerenon
365 2509 486 2576 poterat.
529 2503 692 2578 Tarquinio
712 2520 784 2560 vero
810 2504 878 2577 quid
901 2506 1051 2576 impudeu·
1131 2547 1136 2554 -

180 2601 254 2660 tius:
269 2601 318 2677 qui
329 2603 436 2659 beilum
446 2607 559 2674 gereret
572 2619 639 2659 oum
650 2602 696 2670 iia,
711 2601 760 2677 qui
774 2600 836 2674 ejus
851 2620 909 2660 nou
924 2606 1052 2662 tulerant

180 2697 368 2774 superbiam?
389 2701 423 2768 is,
447 2717 512 2757 cum
540 2699 651 2757 restitui
678 2701 708 2758 iu
730 2717 849 2773 regnum
871 2719 926 2760 nee
941 2703 1053 2776 VeJeu·

180 2801 263 2870 tium,
282 2797 367 2858 ⁵¹neo
401 2797 572 2858 Latinorum
595 2799 681 2855 armis
706 2799 856 2871 potuisset,
889 2801 998 2859 Cumas
1018 2819 1051 2860 se

211 2955 233 2988 ⁸⁰
246 2955 278 3001 ad
291 2969 325 3001 ms
339 2953 403 3001 adire
417 2953 479 3000 illita
493 2952 560 3059 istic.)
592 2950 734 3000 Guilidmius
753 2952 828 3006 sensit.
843 2953 881 3000 hio
899 2969 947 3002 ease
967 2955 1053 3027 aliquid

181 3013 230 3061 vitii
240 3020 264 3060 et
282 3014 394 3070 corrigere
416 3012 546 3059 tentavits't

180 3074 374 3130 Thyestemeoaa
389 3085 534 3125 seomovere.
551 3086 580 3118 ue
598 3072 703 3119 damnum
719 3077 833 3134 caperent.
852 3088 895 3134 ego
913 3079 1006 3137 putem:
1022 3075 1053 3124 ud

170 3147 215 3181 arus
225 3133 295 3178 adire.
311 3133 373 3179 illico
382 3132 457 3188 usim,
469 3145 496 3178 aa
510 3130 577 3177 abite.

209 3211 230 3245 ⁵¹
248 3211 277 3258 N.
290 3225 307 3257 c.
320 3226 367 3257 meu
377 3212 448 3274 dorsis]
466 3209 480 3257 i.
491 3224 511 3257 e.
524 3210 586 3266 viris.
597 3211 673 3271 currales
683 3225 722 3258 vos
729 3209 789 3258 estis.

209 3289 232 3323 ³²
246 3289 409 3352 Sitonum]
443 3289 555 3347 Bentiejar
564 3290 656 3350 corrigit
667 3289 768 3339 didonis
784 3292 856 3351 auris,
866 3292 904 3340 olii
922 3293 1052 3346 aliterue!

181 3352 215 3396 est
224 3349 289 3405 tanti,
297 3349 319 3395 iu
329 3350 411 3396 talibus
421 3364 444 3396 se
454 3356 566 3411 torquere.

209 3427 231 3461 ⁵³
244 3432 276 3498 ,⁶⁸²
284 3433 357 3474 subm
367 3429 484 3486 seruando
494 3455 503 3463 -
514 3456 522 3466 ·
532 3429 634 3491 ruentis]
650 3431 707 3478 haee
717 3431 764 3480 siue
773 3431 841 3484 dubio
850 3433 944 3484 insititia
959 3439 1018 3496 suut,
1026 3433 1053 3486 et'

182 3499 209 3534 οι
219 3485 265 3534 alo
277 3488 325 3534 loeo
337 3490 378 3534 buc
390 3497 474 3533 temere
483 3493 505 3534 et
517 3503 568 3534 casu
579 3489 696 3540 uanslata.

211 3565 233 3600 ὅ*
248 3579 288 3616 aes
297 3566 440 3630 balteorum]
457 3566 652 3618 rudissimam.

556 3012 589 3058 ico
607 3012 683 3058 sistite.
700 3025 779 3073 arempa·
797 3013 881 3060 clarum
902 3023 934 3060 est
955 3016 1053 3064 voluisse
