2548 4208
229 346 293 406 218
463 333 599 386 Tusculi
619 333 862 389 Quinctiorum

227 485 250 520 ²⁵
264 487 330 560 Qun
343 484 407 560 ipse
427 501 488 544 nou
508 484 611 544 luisset
632 487 807 544 contentus:
828 499 923 559 neque
947 481 1028 542 enim
1041 499 1103 544 um·

228 603 316 664 quem
339 586 428 644 linem
441 584 575 644 inveniet
588 585 689 646 libido.
731 585 794 642 Nos
810 586 919 642 vellem
936 581 958 616 ¹¹
972 585 1102 658 proemio

213 685 337 751 ,elicere
351 702 509 760 possemne,
521 684 571 762 qui
584 687 669 746 nohis
683 683 793 762 aliqum
804 684 960 754 attulisset,
973 702 1030 761 quo
1043 685 1103 744 hoc

226 785 336 844 firmius
352 786 545 846 crederemus.
1147 841 1148 845 ,

198 884 217 940 8
269 886 309 944 Α.
330 885 450 944 Vellem
463 884 493 941 id
506 882 625 960 quidem
638 903 645 939 ε
666 882 719 942 secl
732 883 828 942 haheo
841 883 1011 956 paullulum,
1024 881 1102 958 quod

226 984 380 1060 requiram.
393 1001 449 1060 ego
473 983 553 1044 enim
577 982 729 1052 assentior,
754 999 854 1042 eorum
875 1000 950 1057 quse
971 981 1102 1056 posuisti,

227 1087 352 1144 alterum
365 1083 451 1142 alteri
464 1101 647 1158 consequeus
666 1100 741 1150 esse,
754 1086 795 1150 ut,
806 1083 1057 1157 quemadmodum,
1076 1075 1102 1138 εἰ

227 1185 305 1258 quod
318 1163 473 1242 honestum
486 1183 536 1252 sit,
560 1182 591 1240 id
603 1185 697 1240 solum
710 1181 750 1240 sit
763 1183 881 1252 honum,
895 1186 1039 1256 sequntur,
1058 1179 1103 1238 vi-

228 1288 290 1342 tem
303 1284 419 1342 hertam
431 1283 538 1342 virtute
558 1281 685 1340 coniicit
706 1280 758 1348 sio,
772 1280 798 1338 ei
812 1281 875 1338 vite
889 1282 975 1338 heato
987 1279 1019 1337 in
1044 1277 1103 1336 vir·
1120 1264 1122 1268 ¹

228 1387 292 1442 tute
302 1381 350 1451 sit,
363 1381 438 1440 nihil
449 1399 523 1450 esse,
534 1381 591 1439 nisi
602 1380 748 1448 virtutem,
762 1381 879 1440 bonnm.
920 1379 979 1438 Sed
994 1379 1103 1436 Brutus

229 1485 305 1549 tune,
322 1479 344 1515 ²⁷
356 1486 475 1540 anctore
497 1480 600 1540 Aristo
613 1486 644 1538 et
660 1479 821 1548 Antiocho,
844 1496 904 1538 non
917 1478 1016 1542 sentit,
1026 1479 1104 1536 hoc:

228 1585 312 1656 putot
325 1581 415 1650 enim,
428 1581 518 1644 etiem
542 1580 568 1638 si
581 1579 621 1638 sit
641 1581 750 1640 bonum
769 1580 887 1655 aliquod
908 1583 1023 1654 prseter
1046 1577 1104 1636 vir·

224 1686 331 1740 tutem.
371 1681 414 1740 lli.
438 1681 516 1755 Quid
530 1677 643 1757 igitur?
663 1687 767 1740 contre
789 1681 951 1738 Brutumne
975 1696 1023 1737 me
1042 1676 1104 1736 dic·

228 1785 326 1840 turum
340 1778 448 1854 putes?
489 1782 529 1839 A.
551 1781 601 1841 'I'u
615 1798 696 1850 vero,
718 1786 749 1838 ut
764 1779 894 1838 videtur:
916 1797 985 1838 nem
1003 1777 1104 1854 proeli·

229 1879 295 1940 nire
315 1897 375 1937 non
389 1886 434 1938 est
447 1897 553 1939 meum.
594 1881 637 1940 Μ.
660 1881 739 1954 Quid
758 1880 863 1956 cuique
877 1879 966 1955 igitur
979 1895 1102 1938 consen·

230 1983 350 2038 tansum
362 1979 411 2047 sit,
425 1980 484 2036 alio
497 1982 573 2037 loco.
615 1981 694 2038 Nsm
708 1981 764 2040 isto
778 1981 851 2040 mihi
872 1985 984 2038 etcum
998 1977 1103 2047 Antio*

230 2079 290 2137 cho
303 2095 401 2152 enepe,
419 2076 479 2136 ’et
497 2095 564 2136 cum
593 2079 733 2140 Aristone
761 2097 862 2154 nuper,
883 2096 951 2138 cum
976 2075 1104 2139 Athenis

230 2172 390 2250 imperator
402 2180 478 2252 opud
497 2197 564 2238 eum
585 2181 765 2249 deverssrer,
787 2180 932 2240 dissensio
950 2179 1012 2236 luit.
1030 2175 1105 2234 mihi

232 2277 313 2336 enim
328 2294 386 2334 non
399 2277 551 2337 videbatur
563 2279 712 2356 quisquam
725 2298 790 2338 esse
804 2283 905 2338 heatus
929 2287 1023 2352 poste,
1036 2290 1105 2334 cnm

228 2375 264 2434 'in
275 2375 360 2435 malis
371 2383 464 2434 esset:
484 2377 516 2438 in
536 2379 621 2438 melis
642 2384 741 2438 sutem
753 2380 916 2454 sapientem
930 2397 994 2437 esse
1009 2394 1103 2453 posse,

230 2475 259 2532 si
278 2483 376 2535 essent
389 2479 449 2536 ulle
466 2481 604 2554 corporis,
618 2485 669 2538 ent
681 2481 813 2538 lortunue
828 2481 914 2538 mals.
956 2479 1105 2538 Diceban-

233 2577 280 2633 tur
293 2576 376 2646 haee,
390 2595 464 2653 quae
484 2579 603 2652 'scripsit
626 2579 717 2636 etism
732 2579 899 2638 Antiochus
921 2578 994 2638 locis
1018 2577 1105 2654 pluri·

233 2675 308 2734 hus:
330 2675 468 2736 virtutem
492 2678 583 2751 ipsum
606 2696 658 2752 per
675 2696 707 2736 se
734 2678 968 2738 beatnmvitem
987 2679 1104 2736 efficere

233 2791 329 2850 posse,
342 2793 437 2853 neque
456 2782 555 2836 tamen
568 2777 781 2836 beatissimum:
799 2778 909 2836 ¹deinde
931 2795 970 2836 ex
993 2779 1104 2853 majore
1149 2823 1161 2846 ,

233 2938 1104 3104 ,tisttllnttttnetul,„ttr¹nltirr⁶ttn⁰ttt

233 3058 280 3104 inte
292 3059 329 3116 ligi
339 3059 439 3113 deberet,
455 3074 535 3105 novam
545 3061 686 3120 voluptatem
703 3061 817 3106 inventam
827 3060 901 3118 tuisse,
911 3064 935 3106 et
945 3073 972 3104 es
981 3064 1057 3104 temen
1072 3055 1105 3104 in·

232 3123 301 3164 venta
310 3125 437 3164 contentum
446 3133 489 3164 non
496 3118 564 3164 luisse
572 3118 678 3167 Xerxem.

261 3197 286 3230 ²⁶
298 3211 334 3254 pr.
354 3197 432 3244 elicere
439 3210 554 3253 possemne,
565 3197 604 3256 qui
613 3213 636 3244 n.
648 3213 669 3246 n.
680 3197 797 3259 attulisset]
812 3196 914 3246 latinitas
929 3196 1029 3260 postulet
1037 3197 1105 3258 wir*-

232 3259 266 3302 ret
275 3257 314 3302 sed
323 3256 441 3317 respicitur
451 3257 580 3316 praemium,
591 3258 649 3318 quod
660 3259 749 3320 lenium
759 3259 827 3304 datur
835 3257 865 3315 ei,
880 3258 918 3319 qui
928 3257 1013 3304 attulit.

258 3335 287 3404 '²⁷
300 3341 389 3382 auctore
398 3335 493 3440 mmo]
524 3336 599 3382 Aristo
608 3337 682 3408 placet
695 3337 787 3384 Davisio
796 3344 820 3408 et
829 3337 934 3386 Buherio.
945 3351 986 3384 nec
992 3334 1047 3383 mihi
1060 3333 1106 3405 cip

232 3393 310 3462 plicet.
322 3409 371 3442 nanr
382 3400 406 3442 et
425 3398 472 3441 Aca
489 3395 549 3451 .1V‚
567 3400 588 3443 l.
620 3398 708 3444 Aristus
724 3403 747 3444 et
763 3402 843 3446 Aristo
859 3403 991 3445 occurrunt:
1009 3396 1049 3442 scd
1068 3395 1106 3441 hrc

232 3453 389 3512 intelligendus
400 3459 434 3502 est
443 3454 514 3500 irater
523 3455 644 3501 Antiochi:
661 3457 700 3517 qui
709 3457 751 3502 luit
761 3457 860 3505 Ari-etue.
869 3473 890 3504 v.
902 3459 933 3504 de
943 3457 992 3506 Fin.
1001 3457 1031 3514 V,
1041 3460 1064 3504 3.

236 3577 238 3585 ψ
262 3531 285 3562 ²⁸
300 3536 380 3579 etcum
387 3533 500 3592 Aristone}
516 3532 667 3594 quiahicncn
685 3535 831 3583 necessarium
849 3540 885 3583 est
898 3536 996 3597 intelligi
1012 3537 1105 3584 tratrem

233 3589 349 3648 Antiochi,
356 3605 399 3639 uon
409 3605 476 3646 ansus
489 3607 536 3646 sum
546 3593 583 3641 hic
597 3606 685 3662 quoque
695 3595 806 3654 corrigere
815 3596 899 3644 Aristo.

982 3717 991 3757 l
