2558 4198
213 285 278 364 282
404 329 409 340 ,
464 276 509 326 ΒΕ
525 273 825 326 taruannensem

215 429 303 486 modo
316 425 453 484 videmnt
468 425 559 484 animi
573 430 715 492 naturam,
733 417 934 497 intelligentes
953 422 986 481 in
1000 439 1088 498 qnam

214 526 334 601 figuram
348 526 454 584 eadere
468 531 583 598 posset:
606 525 643 581 de
657 540 713 598 quo
727 522 823 580 dicam
838 521 973 597 equidem
988 525 1086 596 pantio
1130 582 1133 588 ,

214 628 289 699 post.
331 625 419 682 Nunc
443 631 542 680 autern
555 623 697 680 haetenus
710 621 875 679 admirabor
886 615 1085 680 eorumtardi·
1139 688 1143 699 .‚

216 728 316 792 tatem,
336 723 386 797 qui
399 723 589 788 animantem,
602 722 808 788 immortalem,
826 725 859 778 et
880 722 1006 778 eundern
1020 722 1087 778 bea·

214 827 286 892 tunt,
299 823 452 880 rotundum
465 839 530 879 esse
543 821 645 889 velint,
656 821 732 896 quod
743 837 779 878 ea
789 821 879 878 torma
893 822 983 878 uttam
997 822 1086 894 neget

130 931 132 936 ’
215 939 280 980 esse
304 923 477 996 pulcriorem
502 922 597 979 Ptato.
641 922 683 978 At
706 919 777 977 mibi
799 922 849 976 vet
873 921 1012 994 optindri,
1034 920 1083 976 vet
1130 991 1135 994 .

214 1022 356 1097 quadrati,
370 1025 418 1080 vei
432 1021 511 1089 noui,
525 1023 574 1078 vei
589 1020 748 1094 pyramidis
769 1021 962 1078 videturesse
983 1019 1084 1077 tormo-

213 1121 280 1178 sior.
323 1123 405 1194 Quae
435 1138 507 1178 vero
534 1120 668 1177 tribuitur
695 1118 758 1176 vita
782 1119 832 1176 isti
859 1121 981 1177 rotundo
1004 1113 1083 1176 deo?

214 1238 320 1294 nempe
334 1226 365 1278 ut
380 1239 416 1278 ea
428 1220 582 1278 eeleritate
606 1225 838 1294 contorquentur,
863 1220 911 1278 oui
932 1237 984 1293 par
1003 1221 1085 1277 nulla

146 1389 149 1398 ,
214 1337 254 1379 ne
267 1319 389 1393 eogitari
403 1321 518 1394 quidem
533 1320 630 1392 possit.
661 1321 695 1376 tu
710 1337 766 1394 qua
780 1338 840 1377 non
854 1320 949 1384 video,
962 1318 1083 1375 ubinam
1146 1383 1148 1392 Ι

214 1436 298 1477 mens
312 1423 458 1502 constans,
472 1425 502 1476 et
517 1417 579 1475 vita
590 1419 676 1474 besta
690 1419 780 1490 possit
794 1418 935 1476 insistere.
949 1417 1082 1490 quodque

215 1518 247 1577 in
271 1521 370 1577 nostro
393 1535 513 1593 corpore
537 1519 562 1576 si
584 1519 704 1578 minima
726 1537 764 1576 ex
787 1524 868 1592 parte
895 1514 1083 1592 significetur,
1144 1573 1149 1581 ,

214 1621 368 1677 molestum
381 1619 435 1676 sit:
457 1639 508 1678 cur
528 1621 586 1678 hoe
600 1620 678 1678 idem
693 1638 752 1678 non
767 1620 906 1676 habeatur
929 1621 1083 1677 molestum

213 1717 245 1776 in
266 1717 343 1777 deo?
373 1724 449 1776 terra
472 1721 551 1778 enim
575 1720 712 1793 proiecto,
736 1719 872 1794 quoniam
896 1735 961 1791 pers
983 1717 1084 1776 mundi

211 1820 268 1883 est,
301 1833 366 1889 pars
393 1823 438 1876 est
471 1820 560 1876 etiam
585 1818 645 1876 dei.
688 1818 780 1891 Atq'ni
814 1823 907 1874 terme
941 1817 1084 1876 maximas

213 1913 356 1987 regiones,
370 1914 585 1994 inhabitabiles,
599 1922 685 1990 etque
704 1915 829 1974 iuonttss
850 1917 993 1984 videmus,
1007 1917 1083 1991 quod

212 2029 279 2085 pars
303 2028 401 2068 earum
425 2016 545 2086 appulsu
569 2014 640 2070 sotis
662 2015 814 2080 exarserit,
836 2031 901 2087 pars
925 2013 1083 2088 obriguerit
1150 2085 1152 2092 y

176 2177 178 2182 ¹
213 2110 302 2177 nive,
318 2109 485 2184 pruinaque,
506 2105 663 2186 longinquo
685 2111 754 2170 sotis
781 2115 926 2171 abscessu.
953 2131 1036 2188 quae,
1056 2112 1084 2170 si
1149 2193 1151 2198 Α

212 2212 335 2268 mundus
355 2216 400 2267 est
421 2211 501 2277 deus,
525 2214 661 2286 quoniam
685 2220 781 2286 partes
810 2213 908 2271 mundi
933 2219 1009 2280 suut,
1032 2211 1082 2271 dei

213 2311 342 2367 membra
356 2309 460 2384 partim
474 2311 614 2381 ardentia,
628 2313 733 2387 partim
747 2312 913 2388 refrigerata
925 2310 946 2344 ³⁸
956 2312 1083 2371 dioends
1150 2387 1152 2392 Ι

213 2413 290 2466 sunt.

253 2511 352 2584 Atque
367 2510 440 2568 haee
465 2510 582 2586 quidem
603 2516 708 2580 vestra,
733 2511 842 2571 Lnoiti.
863 2511 989 2587 ³'qualia
1009 2529 1081 2570 vero

213 2607 280 2675 sint,
304 2611 341 2666 ab
362 2609 463 2667 ultimo
486 2616 614 2682 repetam
637 2612 823 2684 superiorum.
865 2613 978 2670 Thales
1001 2613 1081 2673 enim

214 2706 358 2774 Milesius,
388 2708 437 2782 qui
472 2709 579 2781 primus
606 2711 643 2766 de
678 2711 783 2768 tatibus
815 2714 898 2769 rebus
925 2712 1081 2786 quaesivit,

212 2821 315 2880 aquam
338 2807 414 2864 dixit
428 2825 492 2864 esse
518 2808 633 2867 initium
655 2827 757 2878 rerum,
778 2811 863 2868 deum
886 2817 992 2879 autern,
1014 2829 1080 2870 eam

212 2911 350 2974 mentem,
374 2904 479 2980 ⁴⁰quae
493 2926 531 2964 ex
552 2927 627 2982 aqua
648 2915 756 2966 cuncta
775 2910 907 2984 fingeret.
947 2908 966 2941 ⁴¹
980 2909 1014 2968 Si
1037 2909 1080 2968 dii

241 3078 263 3112 ³⁸
277 3079 450 3140 dicendumst]
482 3081 532 3128 Ms.
548 3080 571 3127 in
581 3082 615 3128 ed.
627 3082 654 3129 L.
665 3083 766 3130 ducende
782 3089 841 3132 runt.

240 3158 263 3192 ³⁹
276 3159 412 3216 qamtiuuero
428 3159 482 3218 sint]
514 3161 555 3204 troo
575 3175 618 3207 uon
637 3163 741 3208 convenit
757 3179 836 3210 sensu:
859 3179 911 3210 nam
921 3164 943 3212 in
953 3180 1013 3228 seqq.
1033 3179 1078 3212 non

211 3217 360 3275 dijudicantur
375 3217 495 3277 superiora,
512 3219 550 3264 sed
570 3220 664 3266 aliorum
681 3223 804 3268 sententiae
820 3223 949 3279 afferuntur,
961 3229 1019 3272 unde
1035 3241 1079 3272 oon

211 3278 270 3322 mate
281 3292 293 3322 e
302 3276 363 3323 libris
383 3276 513 3336 quibusdam
530 3277 616 3338 seriptis
626 3279 730 3326 Davisius
741 3281 810 3336 dedit,
821 3283 931 3343 probante
940 3287 964 3328 et
974 3289 1080 3346 sequente

211 3333 324 3382 Bubetio:
340 3337 414 3396 qualia
423 3349 473 3382 nero
482 3337 528 3382 atio
538 3336 595 3382 rint:
615 3343 672 3384 utet
683 3339 729 3386 Ms.
740 3339 763 3386 in
772 3355 841 3401 marg.
853 3343 889 3389 ed.
903 3343 928 3389 L.
941 3343 1016 3402 habet,
1034 3358 1078 3406 prs

211 3407 255 3452 prro
267 3395 342 3440 uratim
352 3395 397 3441 utin
406 3410 456 3440 uero
464 3396 539 3454 qualia
550 3395 601 3442 eisd.

239 3472 260 3504 ⁴⁰
275 3486 328 3529 pree
338 3487 364 3518 en
373 3488 395 3519 u.
411 3489 428 3519 c.
438 3473 549 3536 fingeret]
565 3474 715 3532 aufiueerett
724 3479 759 3525 ed.
771 3487 798 3534 Μ
806 3481 842 3528 ed.
849 3482 958 3540 gignerst.

239 3549 259 3583 ⁴¹
274 3548 301 3594 Si
310 3549 344 3596 dts'
354 3557 444 3608 possunt
454 3564 538 3612 esse-y
553 3569 632 3604 uacans
640 3558 743 3622 corpere]
762 3559 807 3611 tuh
815 3575 842 3608 oe
851 3561 901 3610 loco
911 3561 978 3610 valde
988 3559 1074 3614 labou-

1229 351 1258 554 1
