2548 4208
209 345 275 412 260
455 333 589 389 TUSCUis
607 327 850 394 Quaestionum

209 484 316 548 hatur?
336 485 385 548 oui
398 490 497 547 tamen
511 487 584 548 ittud
598 489 692 563 ipsum
706 508 765 551 non
779 491 946 564 accidisset,
960 494 996 567 si,
1014 491 1036 532 '¹
1047 469 1084 560 irs¹

209 587 358 662 republica
373 583 535 663 quiesneos,
555 587 676 662 Epicuri
697 591 810 666 tegibus
823 593 975 666 paruisset.
1018 598 1080 670 Qut

209 686 290 744 enim
300 687 410 745 beatior
417 686 569 760 Epicurus,
580 687 656 761 quod
665 687 697 746 in
709 690 803 762 patria
816 689 948 761 vivebat,
960 693 981 726 ⁸⁰
992 711 1078 772 quam

210 787 285 861 quod
313 786 441 844 Athenis
466 784 672 846 Metrodorus?
699 792 749 846 aut
773 787 859 846 Plato
879 790 1079 853 Xenocratem

209 883 359 953 vincebat,
372 891 423 942 aut
437 884 558 943 Polemo
574 885 747 955 Arcesilam,
760 905 817 962 quo
840 893 919 947 esset
941 887 1078 950 beatiori

211 983 322 1057 Quanti
332 999 403 1042 vero
415 984 472 1041 ista
485 983 593 1041 atritas
607 986 787 1044 aestimanda
805 991 862 1054 eat,
873 1005 911 1045 ex
926 1007 983 1064 qua
998 991 1076 1060 boni,

209 1091 412 1166 sapientesque
438 1088 605 1164 potiuntur?
645 1091 820 1150 Demaratus
847 1093 975 1168 quidem,
1004 1096 1078 1155 Tar*

209 1189 312 1265 quinti,
326 1189 402 1265 regis
415 1190 516 1258 nostri,
541 1195 631 1263 pater,
650 1195 808 1263 tyrannum
821 1191 982 1266 Cypselum
1002 1195 1080 1270 quod

209 1289 284 1348 terre
298 1307 358 1347 non
372 1294 493 1362 poterat,
512 1289 585 1362 fugit
611 1288 791 1364 Tarquinios
813 1290 966 1359 Corintho,
980 1297 1011 1348 et
1036 1292 1079 1350 ibi

210 1403 276 1444 suas
308 1387 436 1446 fortunas
476 1385 639 1454 constituit,
679 1403 715 1445 ae
750 1389 863 1466 ¹liberos
902 1389 1079 1463 procreavit.

208 1482 228 1517 '¹
239 1487 269 1543 N
271 1501 319 1544 um
333 1488 420 1544 stulte
433 1485 598 1557 anteposuit
611 1485 712 1542 exsilii
724 1485 888 1544 lihenatem
900 1483 1091 1547 domesticas

156 1579 197 1647 38
209 1581 370 1643 servituti?
409 1583 478 1642 Jam
508 1599 580 1640 vero
605 1587 700 1640 motus
727 1583 828 1650 animi,
856 1584 1080 1657 sollieitudines,

208 1682 459 1760 aegritudinesque
474 1681 624 1741 oblivione
648 1681 805 1749 leniuntur,
819 1682 958 1740 traductis
972 1684 1080 1743 animis

208 1784 444 1857 advoiuptatem.
486 1783 555 1838 Non
579 1780 644 1838 sine
665 1797 753 1838 eausa
767 1780 856 1854 igitur
868 1780 1012 1855 Epicurus
1032 1765 1094 1842 au?

208 1897 257 1941 sus
269 1887 315 1938 est
327 1880 436 1947 dioere,
456 1897 571 1954 semper
590 1879 622 1938 in
636 1879 764 1953 pluribus
789 1877 873 1937 bonis
887 1896 952 1938 esse
966 1876 1095 1956 sapieo'

209 1978 358 2054 temonis
378 1994 493 2051 semper
511 1978 550 2036 sit
563 1977 594 2036 in
616 1977 823 2052 voluptatibus.
864 1978 989 2054 Ex'quo
1002 1981 1080 2039 effioi

208 2081 292 2155 putat
304 2077 365 2144 itte,
379 2077 454 2151 quod
474 2074 649 2151 quaerimus,
661 2081 700 2136 'ut
713 2076 830 2152 sapiens
843 2093 958 2154 semper
977 2080 1082 2140 beatus

208 2177 257 2238 sit.

247 2273 396 2344 Etiamne,
415 2275 442 2333 si
465 2274 598 2334 sensibus
617 2275 729 2335 errabit
782 2280 940 2346 oculorum,
960 2273 987 2336 ai
1007 2277 1083 2337 aurir

208 2371 284 2434 um?
304 2374 412 2432 Etiam.
427 2393 495 2434 nam
509 2376 566 2434 ista
589 2375 653 2450 ipsa
672 2378 845 2434 contemnit.
870 2433 872 2444 ,
886 2377 1016 2436 Primum
1029 2395 1080 2437 en-

208 2473 259 2542 im,
273 2472 417 2532 horribilia
442 2474 500 2534 ista
527 2473 657 2532 oaeoitus
679 2475 781 2550 quihus
802 2475 921 2533 tandem
935 2485 1016 2533 naret
1030 2473 1102 2534 vn?

208 2571 392 2646 luptattbusi
431 2591 498 2632 oum
525 2573 643 2649 quidam
670 2575 760 2631 etiam
783 2573 941 2648 disputent,
965 2573 1081 2633 eeteros

209 2675 374 2747 voluptates
398 2673 430 2730 in
457 2672 528 2746 ipsis
555 2673 687 2730 habitare
715 2672 863 2730 sensibus:
886 2690 960 2747 quae
981 2679 1080 2733 autem
1107 2677 1109 2684 '

208 2773 348 2846 adspectu
369 2770 574 2846 percipiantur,
588 2787 624 2828 ea
647 2788 708 2829 non
733 2769 843 2828 versari
870 2769 902 2828 tn
929 2773 1081 2831 ooutorum

207 2872 268 2929 ulla
276 2871 480 2944 jucunditate:
500 2874 532 2927 ut
552 2887 598 2938 ea,
621 2887 695 2945 quae
719 2874 876 2943 gustemus,
900 2870 1082 2940 olfaciamus,

207 2975 375 3038 traetemus,
399 2969 558 3037 audiamus,
571 2968 604 3027 in
617 2983 654 3026 ea
674 2967 747 3042 ipsu,
768 2969 817 3025 ubi
833 2968 984 3036 sentimus,
998 2972 1081 3044 parte

235 3133 258 3168 ⁵⁹
271 3134 298 3182 ἐπ
307 3131 420 3191 republica
428 3131 546 3190 quiesceas]
558 3131 653 3179 honores
661 3139 705 3178 non
716 3125 817 3194 cepisset,
828 3125 985 3194 privatumque
993 3143 1080 3194 seraper
1110 3123 1113 3133 “
1135 3165 1144 3173 ,

205 3193 294 3253 egisset,
304 3208 318 3238 e
327 3189 453 3258 praeceptis
463 3189 561 3250 Epicuri,
572 3190 743 3251 qui'sapieutem
752 3191 844 3238 nolebat
861 3195 1026 3243 asseruerim.

235 3275 258 3308 ⁶⁰
273 3291 339 3337 parum
355 3270 415 3336 prod
431 3271 524 3318 ramo
543 3265 702 3334 Metrodorus]
718 3273 840 3334 ‘tutettige
859 3275 1020 3323 Metrodorum
1035 3291 1082 3324 noo

206 3343 265 3393 euru,
275 3336 312 3396 qui
333 3331 474 3383 Atheniensis
483 3331 534 3388 tuit,
544 3330 559 3376 i.
570 3345 591 3400 ς,
613 3331 756 3392 Epicureum,
766 3333 806 3381 sed
816 3335 1081 3383 atterumdtratouieen·

206 3407 252 3442 seor
262 3409 298 3454 ap.
310 3394 377 3452 Diog.
389 3393 420 3450 X,
431 3395 452 3437 9.
462 3395 502 3436 eut
510 3389 630 3451 sceptrum.

131 3498 134 3507 .
235 3467 428 3533 ⁶¹Numrt1dte.]
460 3467 809 3518 stantemstantem.
830 3470 1018 3520 mandoline.

206 3549 398 3660 m:feneratorum
409 3549 548 3613 doenum]
581 3547 685 3602 Davisius
695 3549 813 3602 sddtditst
826 3553 881 3602 aute
894 3555 1018 3605 ardorum.
1033 3561 1081 3602 nos
