2552 4208
458 295 730 356 praeuenturus.
970 304 1032 368 m

161 456 225 512 lant
247 441 352 520 Stoici,
375 465 449 526 quae
470 449 569 526 logica
590 443 749 526 appellant,
766 447 834 526 quia
855 435 1033 510 disseruntur

160 552 302 610 subtilius.
317 569 355 608 ex
371 550 473 624 quibus
486 549 624 626 quoniam
638 557 783 626 tamquam
796 548 842 607 “e
856 550 1032 626 scrupulosis

159 654 273 712 colibus
288 647 462 724 enavigavit
479 650 581 719 oratio,
604 651 731 726 reliquae
750 649 956 724 disputationis
969 667 1032 710 cur·

72 773 74 776 ¹
158 768 224 810 sum
246 756 416 808 teneamus:
449 750 537 832 modo
550 751 621 810 satis
635 749 687 809 illa
711 749 839 809 dilucide
862 749 1032 822 dixerimus,

157 867 211 925 pro
226 865 321 906 rerum
334 848 520 908 obscuritate.
562 851 601 910 Α.
623 849 742 908 Prorsus
757 849 827 908 satis
842 869 848 906 :
869 849 1032 926 sedetque

157 948 328 1023 diligentius
341 954 425 1008 erunt
434 951 650 1024 cognoscenda,
663 965 833 1026 quaeremus
846 947 936 1006 alias:
951 965 1031 1008 nunc

159 1049 238 1115 vela,
259 1065 332 1122 quae
356 1049 442 1120 modo
462 1050 591 1118 dicebas,
613 1055 820 1124 exspectamus
847 1052 878 1106 et
905 1064 1030 1106 cursum.

159 1145 202 1208 Μ.
225 1147 350 1220 Quando
363 1154 393 1204 et
406 1148 471 1205 aliis
486 1148 558 1206 loeis
569 1150 607 1206 de
622 1149 730 1207 virtute
750 1147 887 1216 diximus,
902 1151 931 1205 et
942 1165 1030 1222 saepe
1042 1160 1081 1224 15

157 1245 316 1306 dicendum
329 1245 384 1303 erit
405 1244 574 1324 (pleraeque
591 1249 672 1306 enim
690 1247 886 1324 quaestiones,
900 1264 974 1323 quae
992 1247 1031 1306 ad

157 1344 251 1404 vitam
266 1363 417 1422 moresque
432 1345 588 1418 pertinent,
601 1364 619 1405 a
643 1347 760 1410 virtutis
773 1347 853 1406 lonle
872 1342 1031 1426 ducuntur)

156 1447 274 1520 quando
301 1445 389 1520 igitur
416 1443 508 1502 virtus
531 1451 575 1503 esl
598 1444 750 1505 ”affectio
771 1445 862 1504 animi
889 1451 1030 1504 constans

157 1543 408 1618 conveniensque,
427 1542 588 1602 laudabiles
603 1545 733 1602 efficiens
749 1562 808 1614 eos,
819 1545 851 1602 in
862 1544 964 1620 quibus
975 1547 1031 1614 est,

157 1646 190 1698 et
205 1640 334 1716 ipseper
356 1659 401 1710 se,
418 1659 470 1700 sua
491 1647 606 1718 sponte,
618 1648 752 1718 separata
776 1642 866 1700 etiam
894 1642 1031 1712 utilitate,

156 1740 322 1810 laudabilis,
335 1759 374 1799 ex
388 1759 425 1799 ea
448 1743 670 1816 proficiscuntur
694 1743 835 1800 honestae
853 1744 1030 1811 voluntates,

155 1839 331 1910 sententiae,
359 1843 502 1911 actiones,
528 1841 680 1918 omnisque
707 1847 789 1900 recta
810 1841 900 1899 ratio:
932 1858 1030 1918 quam·

154 1957 242 2016 quam
260 1939 324 2014 ipsa
338 1940 429 1998 virtus
451 1941 623 2000 brevissime
645 1947 728 2000 recta
749 1941 824 1999 ratio
837 1941 898 2000 dici
922 1944 1028 2016 polest.

155 2037 250 2114 Hujus
271 2039 358 2116 igilur
371 2041 487 2099 virtutis
501 2042 648 2100 contraria
661 2046 706 2099 est
720 2040 874 2100 vitiositas.
889 2039 939 2102 sic,
948 2040 1029 2100 enim

153 2141 242 2208 malo,
263 2157 348 2215 quam
374 2140 516 2199 malitiam
538 2144 687 2217 appellare
711 2159 786 2210 earn,
812 2157 899 2217 quam
918 2138 1029 2198 Graeci

154 2262 245 2296 mres
269 2241 428 2313 appellant.
452 2257 520 2298 nem
543 2241 664 2309 malitia,
687 2242 761 2300 certi
786 2241 938 2315 cujusdam
961 2237 1027 2297 vitii

154 2355 263 2396 nomen
277 2345 339 2395 est:
362 2338 517 2407 vitiositas,
530 2340 670 2399 omnium.
690 2338 709 2372 ⁵¹
719 2358 758 2398 ex
772 2357 829 2416 qua
843 2337 1028 2398 concitantur

154 2437 396 2510 perturbationes,
420 2454 494 2512 quae
518 2444 594 2505 sunt,
619 2443 651 2495 ut
674 2441 772 2511 paullo
794 2445 864 2496 ante
890 2437 1027 2506 diximus.

154 2532 262 2590 turbidi
285 2533 446 2591 animorum
467 2535 667 2611 concitatique
690 2541 795 2604 motus,
826 2537 923 2594 aversi
944 2555 963 2594 a
985 2554 1027 2594 ra·

156 2632 247 2700 lione,
274 2636 304 2688 el
326 2631 523 2691 inimicissimi
546 2634 653 2692 mentis
679 2635 815 2711 vitaeque
844 2634 1026 2710 tranquillae.

154 2729 313 2806 important
336 2731 417 2788 enim
441 2732 637 2808 aegritudines
662 2721 766 2791 ennias
789 2739 877 2808 atque
897 2734 1027 2804 acerbas,

154 2830 325 2907 animosque
345 2831 477 2906 affligunt
490 2836 521 2888 et
534 2831 690 2890 debilitant
702 2837 790 2890 metu.
811 2832 902 2890 iidem
916 2831 1027 2890 iniiam·

154 2935 237 2990 mant
250 2915 431 3004 appetitione
446 2930 554 2989 nimia:
575 2923 736 3007 quamtum
751 2931 951 3006 cupiditatem,
965 2936 1027 2994 tum

183 3083 206 3118 ⁴⁹
220 3084 377 3142 eacrumslosis
386 3085 477 3148 cotilias]
494 3085 575 3149 putari
585 3085 639 3134 olim
650 3087 768 3146 legendum
783 3089 900 3146 emtam
909 3087 986 3137 exOr.
1002 3085 1026 3134 ln
1109 3093 1113 3101 '

153 3143 240 3191 caecil.
251 3161 270 3191 c.
293 3149 326 3192 ll.
359 3145 479 3194 Lambinus
489 3153 513 3192 et
524 3147 639 3202 Bentlejus
649 3161 765 3194 correxere
779 3149 895 3206 ampotis.
906 3147 1026 3211 quodcum

150 3205 296 3261 impubem
311 3205 414 3252 conlundi
424 3205 513 3253 soletin
532 3205 603 3254 libris.
623 3221 645 3254 r.
657 3205 733 3254 licius.
745 3207 774 3256 ad
791 3207 868 3256 Valer.
880 3207 916 3257 Fl.
929 3211 959 3269 ΙΙ,
973 3205 1024 3254 dli.

153 3277 254 3321 tmepore
265 3278 319 3312 sama
328 3272 445 3313 occurrunt
455 3267 514 3327 apud
523 3266 646 3315 Lucanum.

183 3343 204 3376 ll
218 3342 305 3403 effectio
319 3349 419 3392 emtam
437 3346 626 3416 moventemque]
658 3345 751 3406 Conieei
770 3348 959 3411 murmurque.-
973 3365 1026 3402 nam

153 3399 196 3448 hoe
206 3404 276 3450 terbc
286 3419 372 3465 semper
382 3403 463 3452 Cicero
473 3405 495 3452 in
506 3405 547 3452 hac
556 3421 580 3452 re
591 3410 668 3453 ulitur.

184 3479 204 3512 ⁵¹
219 3495 247 3527 ear
269 3497 299 3530 ua
316 3482 451 3544 cogitantur]
468 3485 580 3546 quomodo
597 3485 739 3544 cogibulsrl
753 3485 822 3534 immo
840 3487 981 3537 memor
998 3493 1025 3538 ul

151 3537 232 3584 habuit
244 3497 290 3587 bis.
304 3541 405 3590 Manutii
415 3547 438 3587 et
451 3543 522 3590 voluit
538 3543 688 3592 Camerarius.
720 3545 757 3593 ate
774 3551 798 3591 et
809 3545 911 3609 Bentlejo
928 3548 1022 3613 placuit,

154 3595 261 3661 deditque
270 3599 294 3650 in
303 3601 338 3650 ed.
356 3605 376 3652 1.
388 3601 617 3685 erislmlnaltem
626 3609 702 3660 tanen
712 3605 850 3656 manetur.
