2548 4208
457 799 497 850 u.
522 797 635 850 TiJlalall
657 795 830 848 cucumula

307 975 381 1052 DE
416 975 670 1054 NATURA
712 973 980 1066 DEORUM,

452 1201 518 1260 AD
549 1200 592 1259 Μ.
621 1197 832 1259 BRUTUM

516 1397 615 1446 LIBER
630 1397 764 1446 PRlMUS.

512 1653 780 1698 ARGUMENTUM·

202 1775 228 1822 ln
242 1773 278 1822 hu
292 1773 354 1822 libri·
372 1775 399 1823 G.
420 1775 529 1834 Velleiur,
549 1775 651 1824 Lucilius
668 1775 751 1824 Balbus
769 1781 793 1822 et
808 1773 835 1824 G.
857 1774 928 1824 cotta
946 1773 1081 1824 inducuntur

234 1853 374 1916 dirputantea
392 1856 421 1902 de
431 1860 513 1902 natura
527 1856 636 1914 Deorum,
646 1856 753 1904 audiente
767 1855 883 1904 Cicerone.
914 1855 1016 1913 Vellejua
1026 1855 1081 1916 lipi-

234 1949 323 1982 euream
342 1936 452 1984 rationem
471 1937 577 1999 explicat,
597 1937 681 1984 narbo·
700 1937 805 1992 Stoicam,
826 1940 850 1984 et
865 1939 946 1983 contra
963 1942 1082 1997 utramque

232 2013 322 2062 diruerit
334 2015 480 2063 Academicus
490 2017 569 2072 Cotta,
587 2017 628 2063 rub
637 2017 697 2075 eujur
712 2031 815 2077 perrona,
825 2031 959 2078 quamquam
979 2016 1079 2062 diaaimu·

231 2092 273 2150 lat,
284 2099 308 2142 et
324 2095 395 2142 Stoici
414 2110 438 2143 ae
458 2095 567 2143 rationem
587 2097 683 2158 probare
699 2097 796 2154 aimolat,
816 2101 893 2143 tarnen
914 2096 973 2141 latet
989 2095 1077 2140 Cicero.

232 2172 288 2224 θυῖε
309 2174 368 2220 enim
379 2175 458 2222 credat
476 2191 498 2222 v.
510 2192 528 2222 a.
541 2176 672 2223 Ciceronem
686 2177 884 2240 praedictionilur,
900 2173 1080 2236 apparitionibun

231 2251 340 2310 Deorum,
350 2254 445 2300 ostentio
454 2255 539 2317 aliquid
555 2255 680 2306 tribuisse?
696 2257 721 2304 ln
739 2257 812 2319 primo
827 2269 882 2314 ergo
901 2255 961 2300 lineo
977 2253 1079 2310 Velleiua
1102 2311 1104 2316 Ι

230 2337 254 2377 at
263 2332 333 2378 (lotia
343 2333 465 2392 disputant.
499 2335 589 2381 lnitiurn
600 2335 729 2395 disputandi
740 2334 794 2380 lacit
803 2334 913 2392 Vellejua,
924 2333 1047 2395 etquidem
1062 2345 1077 2377 ι

230 2410 403 2470 reprehensione
414 2411 544 2457 Platonicae
553 2428 579 2457 ao
588 2413 679 2458 Stoicae
688 2410 799 2469 rationis,
814 2425 907 2470 qnarurn
919 2412 959 2457 illa
970 2411 1076 2457 mundum

229 2501 245 2532 a
261 2487 313 2533 Deo
334 2493 447 2545 tamquam
465 2489 544 2549 opifice
562 2495 630 2550 atqua
650 2489 793 2534 aedificatore
810 2489 933 2548 proiectum
954 2489 1077 2550 pugnabat,

233 2565 307 2611 altera
318 2583 417 2634 aguam.
429 2567 593 2627 providentiam
603 2566 751 2623 inducebat,a
761 2581 804 2628 qua
814 2565 908 2612 mundun
917 2566 1007 2614 ellectu·
1018 2575 1077 2617 ecaet

229 2653 253 2698 et
261 2649 461 2705 administraretur,
469 2653 563 2710 utraque
573 2656 648 2696 autem
660 2651 764 2698 muudum
775 2648 851 2696 animo
859 2655 883 2694 et
893 2648 993 2695 aensibue
1010 2663 1079 2710 prae·

232 2730 313 2787 ultum,
325 2729 452 2782 rotundum,
467 2729 583 2774 ardentem
600 2729 766 2790 volubilemque
776 2727 880 2775 iaciebat.
890 2743 909 2774 c.
921 2729 934 2774 8
947 2731 981 2777 lll.
1013 2729 1077 2776 Reli·

230 2824 324 2872 quorum
343 2808 425 2854 deinde
435 2807 532 2854 omnium
548 2806 741 2868 philosophorum,
762 2807 814 2854 inde
830 2807 962 2865 a'rhalete,
981 2809 1011 2866 de
1026 2809 1079 2856 Deo

230 2887 351 2936 tententiae
361 2886 461 2933 breviter
470 2885 649 2933 commemoratio
665 2890 690 2932 et
703 2885 852 2946 reprehensio,
871 2901 890 2934 e.
911 2891 982 2936 lu-lu.
995 2888 1022 2932 ad
1043 2887 1076 2948 ip-

230 2982 277 3014 nam
290 2965 423 3026 Epicuream
435 2966 464 3013 de
474 2963 523 3013 Diin
541 2964 650 3012 rationem
660 2965 816 3026 explicandam
826 2967 920 3022 accedit,
931 2980 997 3027 quarn
1008 2981 1075 3014 unam

233 3060 310 3092 veram
321 3044 441 3091 existimat.
473 3045 538 3092 Soloe
557 3043 667 3106 Epicuron
677 3044 743 3098 vidit,
763 3045 858 3107 primum
874 3060 922 3091 eane
938 3045 1005 3100 Deon.
1016 3047 1078 3106 quod¹

230 3125 253 3174 in
262 3124 359 3173 omnium
370 3124 449 3172 animia
460 3139 536 3172 eorum
547 3125 659 3172 notionem
675 3123 788 3188 imprerait
798 3133 887 3182 natura,
897 3130 920 3170 et
935 3123 982 3170 aine
992 3125 1076 3172 ductri-

230 3221 259 3253 na
270 3204 452 3265 anticipationem
462 3207 572 3268 quandam
591 3204 698 3263 Deorum,
709 3219 775 3267 quam
791 3205 891 3268 appellat
899 3205 1001 3275 rigomiro
1020 3205 1083 3266 upa

228 3287 357 3345 eumeniae
373 3304 416 3350 qua
435 3303 475 3336 nec
494 3289 589 3349 intelligi
606 3289 730 3353 quicquain,
750 3305 790 3336 neo
809 3291 895 3352 quaeri,
915 3305 955 3336 nee
965 3289 1074 3351 disputari

229 3374 312 3431 puteat.
329 3367 352 3414 id
372 3382 441 3416 exea
461 3367 611 3428 intelligitura
627 3370 686 3431 quud
704 3369 803 3418 omniurn
823 3369 935 3417 hominum
954 3369 977 3417 in
994 3385 1022 3418 eo
1039 3375 1074 3418 eet

229 3447 418 3506 miraconsanaio,
429 3453 454 3495 ut
474 3447 535 3496 Deor
545 3453 709 3496 euertatuant.
741 3449 786 3496 Sed
803 3449 872 3496 etiam
892 3450 949 3497 hane
964 3450 1074 3514 anticipa·

229 3526 312 3574 tionem
325 3527 430 3576 habemur
440 3527 487 3576 aive
497 3527 665 3588 praenotionem
679 3527 785 3586 Deorum,
795 3533 820 3575 ut
830 3529 916 3586 beator,
926 3531 1072 3590 immortaler,

230 3609 341 3666 putemur.
372 3605 408 3655 dlx
417 3620 462 3669 quo
471 3607 622 3669 conrequitur,
632 3612 658 3656 ut
672 3605 729 3656 uuit
746 3607 831 3670 negotii
849 3623 890 3658 aea
908 3609 951 3673 ipei
966 3610 1074 3668 habeant,
