2552 4208
494 319 758 374 uuannmnrua
994 333 1055 398 1⁵5

182 471 348 549 qapiantem
375 461 580 532 cumulaturi*
597 471 648 548 qui
674 468 875 535 consolatione
897 487 956 534 non
977 480 1057 551 eget.

184 575 259 638 nibil
274 574 355 634 enim
369 591 434 630 eane
449 574 566 640 malum,
580 574 654 647 quod
669 577 752 648 turpe
766 591 823 632 non
837 573 885 642 rit,
897 574 924 632 ai
945 575 1059 651 lugenti

182 674 369 750 persuaseris,
386 691 445 732 uon
461 678 491 730 tn
505 672 550 730 illi
575 673 694 739 luctum,
708 673 760 730 aed
773 673 927 732 stultitiam
941 675 1058 736 detrax-

182 776 251 839 eris.
265 775 394 834 alienum
419 780 516 842 autem
541 779 654 846 tempus
677 773 813 832 docendi.
839 779 869 832 et
883 779 981 834 tamen
996 793 1057 841 uon

181 875 254 934 untia
285 874 356 932 mibi
386 873 500 930 videtur
526 871 637 930 vidieae
665 873 723 932 hoc
749 873 920 940 Cleanthea,
945 875 1057 950 concipi

181 975 338 1049 aliquando
352 969 566 1048 aegritudinem
588 989 672 1044 pocae
693 989 784 1030 exeo
805 972 879 1046 ipao,
892 974 969 1048 quod
988 991 1055 1032 erac

181 1089 325 1134 nummum
347 1075 454 1135 malum
477 1073 639 1132 Cleanthea
653 1072 715 1145 ipre
729 1071 862 1130 latentur.
883 1071 952 1148 quid
974 1073 1056 1134 euim

181 1170 338 1240 dicemur?
367 1190 440 1236 cum
464 1173 602 1231 Socraten
628 1170 778 1228 Alcibiadi
801 1171 1000 1245 penuariaaet,
1023 1176 1056 1232 ut

180 1275 359 1345 accepimus,
386 1290 453 1330 eum
481 1272 554 1330 nibil
577 1271 702 1331 hominia
724 1288 798 1339 ecoe,
822 1272 1056 1348 necquidquam

180 1371 259 1432 inter
282 1372 478 1439 Alcibiadem,
498 1387 611 1430 summo
635 1373 703 1430 loco
726 1381 836 1438 uatum,
863 1377 894 1430 et
920 1371 1059 1446 quemvie

179 1470 309 1545 bajulum
336 1471 502 1533 interesse:
535 1488 603 1530 cum
633 1489 666 1528 ae
695 1471 867 1530 Alcibiades
892 1471 1056 1542 afflictaret.

180 1570 404 1645 lacrymansque
420 1570 535 1628 Socrati
554 1573 678 1644 supplex
699 1575 787 1638 eruet,
800 1575 831 1628 ut
845 1572 901 1628 eibi
917 1571 1056 1630 virtutem

179 1669 317 1738 inderet,
338 1670 601 1745 turpitudinemque
623 1671 800 1743 depelleret:
831 1669 900 1744 quid
914 1668 1056 1739 dicemus,

180 1766 350 1832 Cleanthe?
368 1767 466 1828 ainum
480 1770 510 1828 in
525 1770 576 1830 illa
589 1788 628 1838 re,
640 1787 714 1846 quae
728 1769 910 1844 aegritudine
923 1767 1055 1828 Alcibia-

177 1868 246 1928 dem
257 1869 411 1938 afficiebat,
426 1871 497 1930 mali
507 1870 579 1928 nihil
591 1866 704 1928 luisse?
726 1868 803 1942 Quid
816 1865 828 1927 l
848 1870 900 1926 illa
912 1867 1056 1944 Lyconis,

179 1968 276 2045 qualia
290 1966 380 2028 cunti
399 1969 449 2044 qui
472 1969 683 2044 aegritudinem
704 1973 877 2034 extenuem,
891 1968 990 2042 parvi·
1012 1967 1056 2028 nil

179 2085 245 2126 eam
256 2070 340 2126 rebus
355 2068 477 2136 moveri,
490 2065 511 2100 ³⁴
521 2068 653 2126 fortunae
668 2076 698 2126 et
711 2069 840 2143 corporia
851 2067 1055 2137 incommodis,

179 2184 239 2230 uon
266 2168 358 2228 animi
373 2168 466 2228 malie.
481 2168 550 2244 quid
564 2167 655 2242 ergo?
683 2169 765 2237 illud,
789 2170 864 2244 quod
880 2167 1057 2228 Alcibiaden

178 2267 304 2326 dolebat.
319 2287 378 2326 uon
393 2287 431 2326 ex
442 2267 535 2329 animi
545 2268 639 2336 malie,
655 2269 792 2344 vitiisque
803 2264 980 2326 coartabat?
1001 2267 1053 2326 An

177 2367 299 2442 Epicuri
320 2369 553 2429 consolationem
576 2369 647 2428 satis
669 2374 714 2426 ert
739 2369 948 2427 antedictum.
1001 2369 1105 2432 Nouo

178 2467 231 2526 illa
245 2467 360 2542 quidem
374 2467 538 2526 consolatio
560 2467 725 2526 firmirsima
747 2472 803 2534 eat,
827 2485 1000 2544 quamquam
1020 2472 1052 2526 et

180 2567 288 2626 uallata
310 2573 365 2634 eat,
387 2573 417 2625 et
444 2584 532 2642 caepe
558 2567 692 2640 prodeat:
727 2567 797 2624 Non
823 2566 877 2624 tibi
904 2569 960 2626 boc
985 2569 1050 2628 soli.

179 2665 303 2726 Prodest
320 2665 395 2726 baec
408 2666 535 2740 quidem,
549 2671 581 2724 ut
600 2665 674 2734 dixi,
697 2666 748 2724 aed
771 2682 827 2724 nec
851 2682 975 2739 semper,
995 2684 1051 2728 occ

178 2766 320 2828 omnious.
343 2771 411 2824 aunt
437 2766 527 2834 enim,
550 2765 600 2841 qui
619 2771 772 2840 respuente
793 2765 845 2822 aed
871 2765 967 2834 relect,
994 2783 1051 2841 quo

56 2880 69 2895 ¹
88 2863 93 2871 ’
177 2867 265 2927 modo
277 2865 457 2925 adhibeatur.
472 2870 502 2924 ut
526 2865 606 2929 euim
628 2864 724 2924 tulerit
738 2864 858 2940 quiaque
878 2881 986 2934 eorum,
1001 2864 1051 2940 qui

177 2964 325 3039 sapienter
339 2969 474 3032 tulerunt,
489 2983 549 3026 non
563 2983 620 3042 quo
632 2965 751 3041 quiaque
766 2964 952 3026 incommodo
964 2965 1050 3024 ntiec·

176 3067 224 3122 tua
243 3064 292 3132 rit.
306 3065 533 3138 praedicandum
556 3069 610 3124 cat.
651 3063 872 3138 chrysippum
895 3063 1050 3124 veritatem

175 3161 340 3222 firmiaaima
367 3169 434 3222 est:
471 3165 509 3224 ad
538 3171 651 3238 tempus
686 3163 886 3239 aegritudinis,
913 3163 1049 3224 difficilia.

176 3275 313 3337 magnum
328 3281 400 3338 opus
411 3268 465 3334 eat,
479 3266 599 3339 probare
608 3263 760 3330 moerenti,
773 3263 856 3322 illum
870 3261 1050 3338 conjudioio,

175 3366 206 3420 et
220 3364 296 3438 quod
307 3381 339 3422 ae
352 3363 396 3422 ila
409 3369 491 3439 putet
501 3369 633 3440 oportere
642 3363 749 3431 lacere,
759 3379 898 3420 moerere.
913 3362 1053 3442 nimirum

177 3515 449 3630 Grzeqqlqusq'qlobqed
464 3519 519 3626 ‘Sic
537 3517 591 3627 «ilde
610 3522 666 3566 rett.
686 3516 755 3566 etlam
774 3515 835 3566 Victi
856 3516 948 3566 Maout
967 3517 1047 3568 bamb

130 3625 132 3630 .
377 3613 382 3624 ·
425 3595 453 3628 n.
473 3594 567 3630 annua
592 3612 598 3626 .

206 3653 643 3721 “sortunueetcorporintnconnnodirl
663 3655 785 3720 rurpicatur
795 3657 958 3716 dauferium.
