2538 4188
471 338 571 388 LIBER
585 338 761 390 emortuus.
986 347 1051 408 405

180 486 359 560 nobisipsis
384 486 468 570 offert
497 486 558 545 vim
585 491 616 546 et
639 487 829 548 celeritatem.
870 487 934 548 Nos
962 504 1054 548 ouen

180 575 352 663 quibusdum
367 585 476 654 bettiis,
491 604 544 646 nos
551 586 625 661 juge
639 587 828 661 imponimus:
849 605 903 646 uos
917 589 1054 660 eleplrnu·

181 690 276 744 torum
290 684 466 742 acutissimis
476 684 623 753 sensibus,
637 703 690 744 nos
705 687 865 762 sagacitate
887 703 993 745 cunum
1015 673 1054 744 nd

183 785 339 843 utilitatem
355 793 481 844 nostram
497 785 659 868 abutimur:
680 803 734 844 nos
757 805 774 845 e
799 793 893 844 terrae
916 785 1053 844 cavernis
1143 857 1145 864 Ι

179 884 288 941 terrum
302 883 444 950 elicimus,
457 902 518 942 rem
540 886 580 942 nd
588 887 728 944 colendos
742 901 827 958 agros
838 884 1052 944 neeessariam:

184 998 237 1038 nos
258 999 274 1038 a
293 983 340 1051 ris,
353 983 479 1058 argenti,
502 985 564 1044 nuri
580 1001 682 1050 venus,
697 984 813 1057 penitus
837 983 959 1050 obditos,
971 983 1054 1040 inve·

184 1001 375 1166 uinciendi
390 1102 472 1142 unum
487 1090 579 1160 aptes,
600 1091 630 1142 et
645 1085 829 1142 adornatum
849 1083 970 1140 decoras
983 1101 990 1137 :
1004 1097 1054 1146 nr-

184 1182 284 1238 borum
299 1188 394 1238 autem
408 1185 607 1254 consentione,
621 1182 758 1256 omnique
771 1179 902 1248 materia,
916 1185 946 1236 et
965 1181 1054 1249 cultu,
1078 1223 1081 1232 ,

184 1284 215 1336 et
228 1277 366 1346 silvestri,
380 1281 484 1351 partim
497 1283 533 1338 ud
547 1281 780 1338 calefaciendum
794 1297 907 1352 corpus,
930 1278 991 1354 igni
1006 1280 1055 1338 nd·

136 1402 141 1408 ·
183 1377 285 1445 hibito,
309 1385 340 1434 et
364 1378 401 1434 sd
420 1378 610 1450 mitigandum
639 1380 736 1436 cibum
764 1378 879 1446 utimur,
899 1378 1055 1452 pertimad

184 1476 407 1540 aedificandum,
422 1479 453 1532 ut
466 1477 550 1534 tectis
564 1476 651 1550 septi,
665 1472 769 1550 lri'gorn
782 1478 952 1552 coloresque
967 1478 1046 1549 pellit

185 1592 256 1632 mus.
298 1575 422 1648 Magnos
437 1591 509 1631 vero
530 1592 596 1631 usus
620 1574 701 1632 offert
715 1576 752 1631 nd
777 1575 896 1647 navigia
911 1573 1056 1644 iaciendo,

184 1690 303 1749 quorum
330 1673 460 1731 cursibus
488 1672 708 1752 suppeditantur
731 1689 836 1739 omnes
864 1671 990 1746 undique
1017 1673 1058 1732 nd

185 1773 277 1831 vitum
291 1773 409 1846 copiae:
431 1789 558 1848 quasque
572 1790 618 1830 res
634 1771 861 1829 violentissimas
882 1776 984 1830 naturn
1006 1789 1055 1847 gc·

183 1873 256 1939 nuit,
275 1889 374 1930 earum
399 1871 628 1929 moderationem
644 1889 695 1928 uos
709 1870 765 1928 suli
776 1870 937 1940 habemus3
958 1871 1054 1942 maris,

182 1976 269 2045 etque
279 1979 440 2037 ventorum,
456 1978 571 2045 propter
582 1971 761 2028 nauticarum
777 1987 869 2027 rerum
884 1963 1052 2044 scicntisim3

182 2068 367 2143 plurimisque
392 2071 543 2130 maritimis
573 2073 657 2128 rebus
682 2069 800 2127 fruimur
822 2075 908 2144 utque
939 2071 1054 2130 utimur.

184 2167 379 2227 Terrenorum
393 2169 463 2227 item
482 2171 698 2228 commodorum
712 2168 808 2226 onmis
830 2167 920 2231 estin
936 2169 1054 2228 homine

123 2285 126 2292 ·
181 2266 354 2324 dominatus.
396 2268 458 2324 Nos
489 2270 611 2339 campis,
645 2287 698 2326 nos
736 2265 1052 2328 montibusfruimur:

183 2365 275 2426 nostri
288 2371 355 2421 sunt
376 2381 484 2429 omnes,
500 2366 590 2422 nostri
611 2367 710 2420 lacus:
730 2383 782 2422 uos
807 2366 902 2440 fruges
922 2366 1054 2436 serimus,

184 2479 238 2520 nos
261 2463 395 2518 arbores:
417 2479 469 2516 nos
497 2477 634 2535 aquarum
658 2461 875 2518 inductionibus
889 2466 982 2534 ¹terris
996 2466 1055 2524 loe·

184 2561 366 2620 conditutem
393 2560 515 2629 damnor
550 2577 603 2617 nos
637 2559 755 2618 flumine
790 2576 930 2628 arcemur,
957 2561 1054 2636 dirigi·

185 2680 257 2728 mus,
291 2659 467 2718 evertimus:
489 2661 594 2717 nostris
623 2661 748 2735 deniqne
782 2657 914 2718 manibus
947 2657 979 2716 iu
1012 2677 1054 2718 re·

184 2766 370 2818 rumnaturn
384 2759 464 2833 quusi
479 2763 599 2818 ultorem
624 2767 755 2818 naturum
769 2759 884 2816 efficere
906 2775 1053 2819 conemur.

186 2859 264 2932 Quid
292 2855 383 2916 vero?
412 2859 561 2916 hominum
592 2859 665 2916 retio
688 2876 745 2916 uon
772 2857 802 2916 in
827 2859 944 2915 coelum
967 2852 1102 2933 usquedl

185 2959 353 3031 penetravit
367 2955 378 3016 i
400 2959 462 3016 Soli
477 2959 556 3022 euim
570 2977 609 3016 er
633 2956 827 3015 animantibus
842 2973 895 3014 nos
916 2965 1056 3015 astrorum

185 3064 272 3123 ortus,
302 3057 407 3122 obitus,
430 3074 584 3130 cursusque
611 3057 821 3133 cognovimusr
843 3059 880 3114 nb
905 3055 1056 3114 hominum

185 3165 304 3228 genere
318 3156 415 3213 linitus
440 3163 484 3214 est
508 3156 580 3224 dies,
605 3137 721 3222 mensis,
744 3173 853 3214 enoris:
874 3155 1054 3214 delectiones

185 3254 255 3311 solis
268 3266 298 3312 et
313 3258 398 3313 lunae
411 3256 557 3330 cognitae,
573 3256 794 3330 praedictaeque
810 3256 840 3312 in
855 3272 942 3312 omne
962 3261 1055 3328 poste·

185 3370 247 3412 rum
282 3358 402 3426 tempus,
427 3373 510 3429 quae,
537 3361 672 3428 quantoe,
700 3356 827 3429 quando
848 3355 959 3422 suturae
987 3353 1053 3412 sint.

187 3451 270 3525 Quae
284 3459 427 3511 contuens
447 3453 570 3519 unimus,
590 3450 610 3486 ⁷⁸
624 3453 732 3520 occipit
747 3456 783 3510 nb
798 3453 842 3512 tris
856 3453 1054 3530 cognitionem

216 3603 239 3639 ⁷⁸
253 3605 332 3664 acopis
348 3605 590 3668 ditmannum
611 3605 731 3672 Deorum]
763 3608 800 3660 Sic
814 3609 872 3662 Mu.
892 3609 968 3674 pluer
984 3609 1059 3658 etim·
