2552 4208
517 349 779 401 urunarnanus.
900 403 904 410 .
1012 333 1071 419 lut
1172 330 1174 339 ¹

200 499 313 577 optime
335 501 440 558 utatur.
461 517 617 576 numquam
644 501 733 575 igitur
759 503 803 560 est
830 499 1021 574 perturbatus.
1043 502 1075 560 at

202 601 364 676 aegritudo,
385 601 561 673 perturbatio
591 605 637 657 eat
657 600 756 658 animi.
788 617 902 674 semper
921 600 1010 676 igitur
1038 615 1075 658 es

201 699 320 773 sapiens
335 700 463 758 vacabit.
507 698 579 757 Veri
594 699 682 757 etiam
707 696 802 758 simile
820 700 892 758 illud
907 705 961 768 est,
972 699 1020 775 qui
1035 699 1104 762 atto

190 804 377 872 temperans,
398 816 482 874 quem
507 800 616 856 Graeci
636 807 753 876 rupem
772 802 930 874 appellant¹
952 817 1074 874 eamque

202 897 342 955 virtutem
362 905 515 975 evagoram
539 907 656 967 vocant,
670 918 756 974 quam
770 902 851 956 soleo
865 899 1000 974 equidem
1014 905 1075 958 tum

203 1002 436 1072 temperantiam,
451 1007 511 1058 tum
526 1001 754 1058 moderationem
765 1001 922 1072 appellare,
934 1017 1075 1058 nonnum·
1188 977 1201 1012 '

200 1115 289 1181 'quam
313 1099 401 1158 etiam
416 1100 605 1158 modestiam:
626 1101 678 1157 sed
693 1101 768 1157 haud
785 1099 856 1166 seio,
876 1115 914 1156 an
938 1104 1018 1156 reate
1039 1114 1076 1157 en

202 1199 296 1257 virtus
309 1197 459 1274 frugalitas
473 1200 614 1274 appellari
629 1200 728 1272 possit,
748 1199 823 1273 quod
837 1197 987 1272 angustius
999 1199 1076 1270 apud

202 1297 335 1357 Graecos
351 1301 447 1355 volet:
467 1299 515 1372 qui
527 1299 600 1374 frugi
617 1299 750 1356 homines
766 1322 904 1376 χςησιμους
916 1301 1075 1372 appellant,

144 1455 145 1458 ,
201 1397 233 1457 id
247 1404 301 1466 est,
315 1399 514 1456 tantummodo
526 1399 619 1456 utiles.
634 1399 747 1457 utillud
762 1405 805 1456 est
819 1400 912 1458 latius.
926 1397 948 1432 ⁹¹
957 1414 1075 1458 omnem

202 1497 283 1555 enim
297 1497 512 1565 abstinentiam,
536 1515 653 1555 omnem
677 1498 878 1556 innocentiam
898 1496 985 1571 (quae
999 1497 1077 1569 apud

204 1595 486 1654 Graecos-usitatum
511 1613 616 1652 nomen
642 1598 752 1652 nullum
776 1597 874 1662 hahet,
897 1597 948 1651 sed
969 1597 1077 1652 habere

202 1700 298 1770 polest
318 1705 469 1766 anteactas.
492 1711 558 1751 uam
583 1701 627 1751 est
656 1693 834 1760 innocentia,
863 1693 980 1751 affectio
1010 1693 1077 1752 talis

203 1794 304 1859 animi.
326 1813 400 1870 quae
426 1800 532 1852 noceat
550 1793 676 1868 nemini)
697 1793 820 1868 reliquas
842 1793 932 1851 etiam
954 1793 1077 1853 virtutes

203 1895 354 1968 frugalitas
372 1893 512 1952 eontinet.
528 1911 601 1968 quae
617 1894 672 1950 nisi
688 1899 769 1967 tanta
791 1899 881 1960 esset,
892 1899 921 1950 et
936 1893 962 1951 si
976 1892 1013 1952 iis
1027 1913 1077 1952 an·

201 1996 314 2070 gustiis,
336 1994 439 2070 quibus
460 1977 589 2068 plerique
612 1999 723 2066 putant,
739 2001 894 2059 teneretur.
920 2010 1076 2068 numquam

201 2101 279 2152 esset
294 2096 329 2153 L.
344 2092 458 2152 Pisonis
472 2111 636 2168 cognomen
652 2098 803 2166 tantopere
816 2095 971 2151 laudatum.
1015 2094 1076 2152 Sed

200 2195 268 2271 quia
298 2212 353 2253 neo
377 2195 436 2270 qui,
457 2200 573 2268 propter
600 2199 717 2259 metum,
754 2193 927 2267 praesidium
949 2193 1075 2268 reliquit,

202 2295 277 2372 quod
310 2300 355 2352 est
388 2293 544 2368 ignaviae3
578 2311 633 2349 ueo
667 2291 726 2368 qui,
761 2299 877 2366 propter
911 2293 1076 2361 avaritiam,
1179 2290 1186 2297 '

201 2395 279 2452 ulam
300 2393 462 2466 depositum
484 2411 541 2450 non
568 2392 704 2459 reddidit,
725 2393 799 2466 quod
823 2397 868 2448 est
895 2391 1076 2466 injustitiam

203 2509 260 2551 uec
281 2491 340 2566 qui,
362 2498 476 2564 propter
490 2491 694 2556 temeritatem,
708 2491 784 2546 male
799 2508 859 2547 reru
881 2492 978 2565 gessit,
1000 2490 1077 2566 quod

203 2596 248 2647 est
284 2589 435 2654 stultitiae,
468 2588 541 2664 frugi
576 2587 718 2662 appellari
750 2588 843 2644 solet:
864 2606 900 2646 eo
929 2594 986 2645 tres
1020 2589 1077 2670 uir·

204 2677 290 2754 tutes,
311 2687 518 2754 lortitudinem,
533 2687 688 2759 justiliam,
715 2686 905 2759 prudentiam,
927 2687 1077 2761 frugalitas
1114 2673 1116 2677 ,

204 2795 248 2848 est
264 2790 440 2860 complexa:
461 2786 516 2843 elsi
540 2787 596 2843 hoo
610 2785 736 2859 quidem.
760 2802 914 2843 commuue
929 2794 974 2842 est
991 2787 1077 2846 virtu·

204 2892 273 2947 turn.
289 2905 390 2944 omnes
410 2884 490 2943 euim
514 2885 591 2942 inter
616 2901 647 2942 ae
674 2901 779 2951 nexae,
800 2888 831 2940 et
846 2883 969 2958 jugalae
990 2891 1076 2944 aunis

202 2961 373 3062 ”retianum
388 2984 475 3061 igitur
495 2990 549 3052 est,
563 2990 663 3058 quarta
678 2967 768 3040 virtus
783 2988 813 3041 ut
827 2983 865 3040 sit
886 2982 947 3057 ipsa
962 2984 1077 3060 frugali·

204 3091 257 3147 tas.
273 3087 334 3161 ejus
348 3086 427 3144 enim
444 3085 632 3144 videturesse
648 3082 802 3160 proprium,
816 3088 909 3142 motus
923 3085 1014 3142 animi
1029 3103 1077 3162 ap-

227 3249 252 3285 ¹l
259 3251 411 3298 omnrmeaim
418 3247 833 3302 abstinentiommmnominnocentiom.
840 3248 896 3310 ete]
906 3247 983 3303 Vulgo
990 3251 1023 3294 erl
1033 3265 1078 3297 om·
1175 3282 1177 3286 -

202 3310 240 3359 nis
248 3327 265 3356 e.
277 3310 418 3367 abadruentia,
429 3308 500 3356 omnia
509 3307 651 3356 innocentio:
670 3309 728 3371 qraod
741 3309 778 3372 qui
788 3309 917 3358 delendum.
938 3311 1078 3362 alammion

203 3376 328 3423 orationem
344 3389 391 3421 eae
410 3374 494 3430 dicunt.
510 3378 603 3436 propter
618 3375 769 3436 parenthesin.
802 3376 846 3422 Sed
857 3375 879 3422 id
891 3375 1012 3422 estduruur
1024 3377 1048 3430 a,
1059 3375 1076 3424 l.

204 3443 291 3483 secutus
301 3450 347 3480 sum
361 3434 481 3482 Davisium.
852 3433 856 3438 '

234 3515 257 3547 ²⁸
273 3513 385 3571 reliquum
395 3513 469 3570 igitur
478 3511 516 3572 nl]
535 3510 566 3560 sic
577 3512 635 3560 Mra.
644 3512 727 3573 pluras.
740 3512 807 3573 vulgo
816 3511 892 3562 mole:
908 3515 996 3576 reliqua
1005 3513 1078 3574 igitur

204 3571 402 3634 slpuurlout'rlus,
412 3575 439 3619 ul
452 3586 470 3618 t.
481 3571 539 3630 isr.

244 3671 315 3712 ron.
331 3670 383 3711 xv.
644 3654 678 3708 ll
