2548 4208
229 353 293 414 242
448 335 583 393 Tdsctlln
600 338 843 396 QUAESTIONUM

227 511 323 556 rerum
333 493 522 552 causasaliss
535 511 575 552 ex
589 491 655 551 aliis
669 495 761 582 aptes,
771 495 802 549 et
815 487 994 548 necessitate
1007 507 1101 555 nexas

228 593 328 680 uidet:
350 592 452 668 quibus
466 593 503 650 ab
513 598 633 650 aeterno
648 599 776 676 tempore
790 589 945 649 fluentibus
960 590 991 648 in
1010 597 1102 648 neter-

227 711 307 761 num,
320 691 394 751 ratio
414 697 512 750 tamen
527 709 666 766 mensque
680 692 853 750 moderatur.
895 689 980 748 Haec
994 690 1046 748 ille
1060 690 1104 748 in·

227 798 315 852 tuens
328 797 415 867 atque
429 791 602 866 suspiciens,
614 793 662 848 vel
677 791 772 865 potius
786 806 889 846 omnes
910 767 1006 863 parte}
1026 807 1102 847 oras-

227 909 283 968 que
292 890 542 965 circumspiciens,
555 895 772 966 quantarnrsus
786 888 878 945 animi
892 887 1101 962 tranquillitate

227 991 356 1051 humana
383 995 413 1048 et
441 989 578 1048 citeriora
600 985 787 1048 considerat?
801 987 877 1045 'hinc
900 987 951 1044 illa
973 987 1104 1062 cognitio

228 1087 346 1148 virtutis
360 1089 494 1149 exsistit:
516 1091 700 1148 efflorescunt
714 1103 823 1164 genera
841 1091 993 1161 pontesque
1013 1085 1102 1144 virtu·

229 1192 310 1247 tum:
330 1188 489 1258 invenitur,
513 1189 580 1265 quid
603 1189 650 1256 sit,
664 1187 739 1262 quod
764 1190 868 1244 nature
881 1190 995 1258 spectet
1007 1191 1103 1244 extre·
1170 1245 1172 1248 ,

228 1303 307 1346 mum
319 1289 350 1344 in
365 1288 459 1355 bonis,
477 1285 573 1362 “quid
588 1287 618 1344 in
635 1285 718 1344 molis
730 1285 871 1353 ultimum,
882 1302 938 1359 quo
949 1285 1103 1342 referende

229 1385 289 1445 sint
308 1386 423 1452 ‘officia
449 1401 522 1460 quae
541 1385 693 1460 degendae
716 1383 821 1442 aetatis
846 1383 919 1442 ratio
941 1382 1103 1456 diligenda.

230 1485 342 1559 Quibus
363 1491 393 1543 et
407 1484 512 1543 talibus
527 1486 611 1542 rebus
631 1483 793 1558 exquisitis,
815 1485 872 1542 hoe
897 1485 945 1540 vel
973 1482 1103 1542 maxime

229 1585 362 1654 efficitur,
376 1585 532 1660 quod-„hac
547 1583 742 1658 disputatione
767 1585 888 1658 agimus,
902 1587 933 1640 ut
960 1581 1052 1640 virtus
1066 1582 1105 1640 ad

228 1684 315 1743 beate
330 1684 492 1742 vivendum
505 1683 544 1742 sit
564 1700 596 1740 se
618 1683 682 1758 ipse
696 1687 845 1742 contenta.
888 1681 1025 1756 Sequitur
1048 1687 1105 1740 ter·

231 1781 282 1850 tia,
295 1801 369 1858 quse
384 1801 437 1856 per
447 1801 548 1840 omnes
560 1786 657 1856 partes
670 1784 832 1858 sapientiae
846 1787 945 1840 manat
960 1763 989 1840 et
1010 1781 1104 1839 tundi·

230 1885 285 1950 tur,
300 1899 373 1955 quae
387 1899 448 1938 rem
462 1881 574 1950 definit,
598 1899 706 1956 genera
726 1883 870 1957 dispertit,
883 1882 1033 1958 sequentia
1054 1881 1103 1939 ed·

224 1980 335 2055 jnngit‚
354 1980 484 2053 perlecta
510 1981 670 2050 concludit,
698 1999 769 2039 vera
789 1986 819 2040 et
849 1982 922 2040 lalsa
952 1980 1103 2055 diiudicat,

230 2078 394 2140 disserendi
418 2079 492 2136 ratic
516 2084 547 2136 et
574 2079 706 2138 scicntia.
746 2081 796 2139 Ex
822 2099 878 2155 qua
902 2099 968 2139 eum
992 2093 1105 2139 summe

231 2177 343 2238 utilitas
356 2178 474 2236 exsistit
487 2178 523 2235 ad
543 2195 588 2236 res
613 2179 824 2254 ponderandas,
839 2187 900 2240 tum
919 2182 1046 2240 maxime
1060 2180 1104 2238 in·

231 2293 329 2350 genua
342 2277 509 2355 delectatio,
523 2283 553 2334 ct
573 2279 663 2355 digne
679 2279 835 2354 sapientia.
878 2283 938 2339 Sed
952 2283 1025 2339 haec
1039 2281 1104 2340 otii.

199 2451 202 2456 Ι
233 2375 382 2434 Transeat
395 2375 472 2435 idem
487 2377 542 2436 iste
557 2377 673 2452 sapiens
685 2380 721 2436 ad
736 2379 943 2461 rempublicam
957 2383 1105 2439 tuendam.

233 2472 302 2551 quid
322 2492 359 2533 eo
380 2475 472 2550 possit
491 2495 556 2536 esse
570 2479 773 2552 praestantius,
787 2497 853 2537 enm
871 2481 1016 2538 contineri
1040 2497 1106 2555 pru·

233 2574 335 2634 dentis
345 2575 502 2634 utilitatem
513 2577 625 2635 civium
639 2584 750 2647 cernat,
764 2579 881 2653 justitio
892 2580 965 2638 nihil
976 2581 1008 2638 in
1022 2597 1105 2639 suam

232 2666 350 2734 domuin
364 2673 432 2758 inde
446 2675 571 2743 derivet,
585 2676 702 2753 reliquis
717 2683 813 2736 utatur
826 2683 869 2736 tot
883 2685 943 2737 tarn
957 2680 1105 2755 variisque

233 2770 417 2833 virtutibus?
451 2773 577 2851 adjunge
604 2775 729 2835 fructum
755 2777 969 2836 amicitiarum:
989 2780 1020 2836 in
1048 2795 1107 2857 quo

233 2874 329 2933 doctis
343 2873 467 2949 positum
481 2880 527 2932 est
549 2892 615 2932 cum
638 2876 793 2934 consilium
813 2878 906 2936 omnis
933 2877 1023 2946 vitae,
1037 2895 1106 2936 con·

234 2976 376 3043 sentiens,
390 2979 419 3031 et
431 2991 524 3048 paene
540 2975 721 3048 conspirans,
735 2981 797 3035 tum
815 2993 926 3034 summa
934 2977 1105 3050 jucunditas

235 3093 252 3132 c
267 3075 436 3151 quotidiano
447 3077 527 3132 cultu
538 3079 624 3150 atque
644 3074 735 3133 victu.
775 3073 882 3148 ”Quid
897 3077 971 3135 haec
985 3077 1105 3135 tandem

150 3197 153 3204 ·
235 3173 297 3232 vita
311 3172 466 3242 desiderat,
487 3190 544 3248 quo
563 3173 602 3230 sit
620 3171 754 3234 beatior?
774 3175 823 3232 cni
850 3175 893 3233 rei
917 3176 1041 3234 refertae
1062 3179 1108 3236 tot

238 3393 244 3405 ι
265 3337 285 3368 ⁹¹
294 3336 352 3396 qnod
360 3335 387 3383 in
396 3335 462 3408 moin
471 3335 597 3442 ultimum}
615 3337 719 3410 Davisius
725 3337 780 3409 quid
789 3339 886 3387 correxit
894 3341 972 3386 contra
979 3337 1057 3396 libros,
1067 3337 1108 3386 sed

237 3394 260 3440 nl
269 3397 367 3454 portulst
377 3397 432 3456 quad
441 3401 476 3453 nt,
486 3410 508 3443 m
523 3411 581 3444 mem
599 3411 624 3444 ro
633 3413 748 3460 supsrrorr.

266 3473 289 3505 ⁰²
304 3473 368 3524 Quid
376 3474 427 3520 troes
436 3476 481 3522 cito
491 3476 618 3539 desiderat]
650 3477 747 3525 Vrdetur
755 3478 872 3537 legendum
880 3477 1006 3526 desideret?
1020 3491 1071 3524 mox
1084 3475 1110 3523 is

237 3544 277 3638 {2}
284 3546 320 3636 2⁶}
328 3533 429 3636 qartus,
439 3535 558 3586 delendum
571 3538 613 3587 rei,
622 3537 730 3600 obestque
740 3551 754 3586 a
769 3537 829 3587 Mes.
840 3538 979 3600 quibasdam·
990 3537 1028 3586 Μ’
1038 3540 1109 3598 Μ·
