2558 4198
466 330 566 381 nrnnn
579 305 757 382 sncunnus.
974 331 1038 397 att

169 474 325 542 morabil'es
353 479 486 539 dammae
513 479 640 540 siderum
666 479 828 538 exsistunt:
849 493 967 554 quorum
994 481 1041 536 est

170 581 307 656 princeps
321 581 376 648 sot,
389 579 488 638 omnia
501 579 663 638 clarissima
673 581 738 637 lnce
747 581 928 644 collustrans,
942 576 1040 636 multis

169 681 300 756 portibus
315 679 416 753 major,
431 683 517 753 atque
541 679 672 754 amplior,
691 695 777 753 quana
791 683 866 737 terra
886 675 1040 736 universa:

168 779 277 838 deinde
319 779 432 855 reliqna
472 779 568 836 sidera
601 777 847 852 magnitudinibus
880 775 1039 835 immensis.

171 879 271 952 Atque
286 877 318 934 bi
332 878 407 936 tanti
421 877 514 952 ignes,
535 884 649 953 tamque
670 878 763 946 multi,
787 894 846 936 non
865 877 953 933 modo
966 875 1041 934 nilril

170 981 280 1034 nocent
294 977 387 1044 terris,
412 979 553 1052 rebusque
573 977 764 1044 terrestribus,
784 975 890 1033 sedita
912 979 1041 1050 prosunt,

170 1080 202 1132 ut
222 1073 267 1130 ⁶ai
283 1081 361 1132 mota
375 1078 441 1134 loco
464 1077 532 1144 siut,
546 1075 725 1150 conflagrare
749 1080 840 1132 terras
860 1091 982 1132 necesse
1002 1073 1041 1132 sit
1087 1149 1094 1154 .

170 1189 189 1232 a
223 1173 312 1231 tantis
346 1176 505 1243 ardoribus,
532 1173 744 1242 moderatione,
771 1178 802 1231 et
829 1173 1040 1250 temperatione

168 1275 292 1332 sublata.
335 1273 393 1330 llic
421 1291 477 1348 ego
503 1291 563 1332 non
587 1273 674 1331 mirer
697 1290 762 1330 esse
786 1290 967 1349 quemquam,
991 1270 1092 1348 quilii

168 1372 225 1431 sibi
241 1374 421 1446 persuadeat,
435 1390 556 1445 corpora
577 1374 719 1448 quaedam
741 1373 844 1440 solida,
866 1379 953 1448 atque
967 1370 1040 1430 indi·

167 1471 259 1528 vidua
273 1472 305 1529 vi
328 1477 359 1528 et
384 1473 529 1546 gravitate
547 1472 625 1538 terri,
647 1472 841 1546 mundumque
856 1471 934 1529 effici
957 1485 1040 1540 orna·

168 1570 321 1636 tissimum,
342 1574 373 1628 et
396 1570 599 1643 pulcerrimum
613 1569 652 1626 en
676 1587 775 1626 eorum
796 1585 948 1644 corporum
971 1583 1042 1625 con·

168 1669 303 1727 cursione
322 1668 463 1727 fortuita?
494 1669 559 1726 lloc
574 1668 622 1742 qui
647 1667 797 1725 existimat
817 1667 880 1724 lieri
902 1666 1039 1740 potuisse,

168 1785 228 1828 non
244 1767 387 1843 intelligo,
410 1785 462 1826 cur
486 1785 544 1825 non
560 1767 639 1822 idem
662 1770 752 1839 putet,
765 1764 791 1824 si
813 1765 1039 1824 innumerabiles

167 1867 254 1924 unius
275 1873 305 1924 et
330 1867 435 1942 viginti
457 1867 566 1923 formae
592 1866 751 1924 litterarum
777 1867 825 1922 vel
849 1882 964 1931 aureae,
990 1866 1039 1922 vel

166 1968 266 2041 quales
291 1965 371 2032 libet,
399 1966 497 2040 aliquo
523 1964 730 2039 conjiciantur,
755 1982 838 2037 posse
867 1981 906 2021 ex
933 1964 978 2021 bis
1006 1964 1039 2021 in

161 2070 271 2125 ,terram
285 2065 418 2122 excussis
439 2066 560 2122 annales
581 2062 681 2130 Ennii,
696 2066 727 2120 ut
740 2063 882 2138 deinceps
903 2063 961 2137 legi
976 2081 1039 2136 pos·

164 2163 234 2231 sint,
248 2163 340 2220 effici:
369 2165 444 2236 quod
460 2163 562 2220 nescio
575 2179 613 2219 an
632 2180 670 2220 ne
684 2161 798 2220 inuno
818 2163 936 2234 quidem
951 2179 1040 2219 versu

156 2262 257 2336 possit
277 2267 389 2319 tantum
410 2265 508 2318 valera
532 2261 656 2318 fortuna.
709 2261 763 2320 leti
782 2268 879 2322 autem
902 2263 1037 2337 quemad·

167 2360 285 2416 modum
309 2364 487 2425 asseverant,
508 2375 546 2414 ex
570 2360 746 2426 corpusculis
767 2379 826 2418 non
846 2362 954 2429 colore,
976 2381 1039 2422 non
1068 2371 1085 2416 ³:

165 2455 306 2530 qualitate
326 2455 432 2529 aliqua,
455 2473 539 2528 quam
562 2453 676 2517 numia
699 2455 808 2513 Graeci
835 2466 954 2526 vocant,
977 2479 1038 2520 non

166 2571 254 2611 sensu
269 2553 415 2627 praeditis,
428 2541 480 2610 sed
494 2555 731 2613 concurrentibus
746 2557 855 2612 temere
866 2562 952 2632 atque
966 2574 1039 2622 casu

164 2655 306 2713 mundum
320 2671 383 2710 esse
395 2652 577 2728 perlectum?
598 2657 645 2713 vel
657 2656 885 2714 innumerabiles
898 2657 994 2731 potius
1005 2658 1036 2718 in

166 2752 246 2812 omni
262 2760 372 2827 puncto
386 2753 522 2827 temporis
539 2755 612 2812 alios
632 2753 775 2814 interire?
806 2757 931 2829 Quodsi
956 2775 1036 2817 muu-

165 2853 234 2911 dum
249 2853 364 2910 etticere
383 2858 479 2926 potest
501 2869 658 2911 concursus
673 2858 852 2924 atomorum,
873 2873 924 2914 cur
949 2857 1035 2932 porti·

163 2967 242 3016 cum,
274 2968 326 3010 cur
353 2953 500 3024 templum,
531 2968 582 3009 cur
615 2953 741 3020 domum,
767 2970 819 3012 cur
847 2957 947 3014 urbem
975 2973 1034 3016 non

163 3046 282 3124 potest?
302 3065 376 3124 quae
396 3055 461 3106 sunt
486 3049 581 3106 minus
602 3067 732 3124 operose,
751 3057 783 3110 et
807 3055 898 3112 multo
917 3055 1035 3130 quidem

163 3148 307 3206 faciliora.
348 3148 436 3205 (leste
459 3147 499 3204 ita
520 3153 628 3207 temero
652 3150 690 3208 ds
715 3151 822 3208 mundo
844 3151 1035 3221 strutionum

162 3247 237 3307 mihi
270 3246 385 3321 quidem
420 3264 574 3321 numquam
609 3249 685 3306 bunc
720 3249 921 3308 admirabilem
955 3251 1032 3309 caeli

164 3352 308 3413 ornatum,
323 3346 371 3420 qui
386 3348 466 3404 locus
480 3352 525 3404 est
547 3346 704 3419 proximus,
727 3347 891 3420 suspexisse
914 3347 1034 3407 videan-

166 3449 220 3504 tur.
263 3445 416 3504 Praeclare
431 3463 500 3520 ergo
515 3445 699 3514 Aristoteles,
711 3442 739 3502 ai
751 3452 850 3517 esseut,
863 3447 966 3525 inquit,
986 3447 1035 3528 pm'

196 3596 209 3632 ⁶
222 3597 242 3645 a·
251 3602 312 3649 suctu
321 3601 365 3650 loco
374 3599 429 3664 dot]
445 3613 475 3650 sc.
485 3603 512 3650 ct
520 3597 594 3650 vicina
604 3599 673 3662 nans
682 3605 756 3651 terrae
765 3601 826 3652 tant.
