2558 4198
473 276 507 320 ι,
543 255 641 308 urana
655 255 790 309 enimus.
1034 261 1095 324 iot

227 421 339 468 rarum:
360 409 460 484 iguem
484 412 645 482 praeterea,
659 413 688 466 et
713 421 894 482 eum-quem
917 410 1004 466 antea
1026 403 1099 474 dlxi,

230 511 366 566 aethera:
388 513 509 574 tumea,
530 513 721 581 quaenatura
745 507 867 565 fluerent
891 513 977 581 atque
1002 523 1100 564 mana·

226 612 347 682 rent,ut
372 611 402 663 et
419 623 532 680 aquam,
547 611 578 662 et
592 611 706 674 terram,
719 615 749 664 et
763 605 848 676 aiira3
867 608 971 672 solem,
991 607 1099 672 lunam,

227 707 333 771 sidera,
347 704 626 780 universitatemque
648 723 751 772 rerum,
777 723 833 779 qua
856 705 954 762 omnia
969 705 1101 762 eontine-

226 810 343 873 rentum
365 809 449 879 atque
463 804 596 862 homines
610 804 700 863 etlam
713 823 773 873 eos,
788 805 837 879 qui
852 803 1101 860 immortalitatem

218 908 327 960 essent
353 905 514 960 consecuti.
570 904 709 978 Idemque
732 903 870 976 disputat,
891 901 1012 958 aethera
1036 919 1100 958 esse

228 1019 304 1066 eum,
318 1019 402 1074 quem
417 1002 550 1060 homines
571 1003 679 1059 Jorem
700 1005 901 1075 appellarunt:
921 1000 1025 1075 quique
1048 999 1100 1058 aiir

229 1118 282 1175 per
296 1101 387 1158 maria
409 1107 549 1168 manaret,
562 1119 629 1160 eum
644 1118 709 1158 ease
724 1101 893 1173 Neptunum
908 1121 915 1156 :
938 1105 1100 1174 terramque

228 1217 292 1256 eam
314 1217 389 1266 esse,
411 1217 484 1274 quae
509 1201 599 1257 Ceres
626 1199 782 1257 diceretur.
802 1181 959 1273 ¹similique
988 1199 1100 1255 ratione

118 1313 124 1322 ·
227 1301 408 1372 persequitur
430 1300 579 1356 voeabula·
593 1299 767 1372 reliquorum
790 1299 919 1354 deorum.
961 1297 1100 1371 idemque
1139 1289 1144 1296 ’

227 1397 317 1454 etiam
338 1397 411 1469 legis
434 1403 590 1468 perpetuae
611 1403 641 1454 et
660 1402 798 1454 aeternae
824 1396 895 1462 vim,
916 1413 990 1470 quae
1005 1395 1099 1470 quusi

227 1496 288 1552 dux
313 1477 392 1551 vitae
417 1499 448 1551 et
475 1496 612 1567 magistra
631 1494 793 1552 offioiorum
821 1494 869 1559 sit,
890 1495 998 1552 Jovern
1025 1493 1100 1550 dioit

227 1611 302 1659 esse,
316 1593 498 1667 eandemque
519 1592 636 1648 fatalem
653 1593 860 1649 nenessitatem
873 1593 1012 1664 appellat,
1027 1607 1101 1648 sem·

227 1692 372 1766 piternam
398 1707 491 1748 rerum
516 1691 676 1746 suturarum
691 1691 864 1748 veritatem:
886 1707 1004 1764 quorum
1026 1689 1101 1748 nibil

226 1793 352 1859 latomi,
366 1795 397 1847 ut
408 1791 439 1847 in
453 1807 490 1846 eo
505 1789 551 1846 vis
561 1789 664 1846 divina
676 1789 774 1846 inesse
790 1790 930 1846 videatur.
973 1790 1012 1846 Et
1025 1790 1100 1846 bueo

225 1890 342 1960 quidem
357 1889 387 1946 iu
402 1889 495 1962 primo
516 1888 590 1946 libro
603 1889 640 1944 de
655 1893 757 1946 natura
767 1890 904 1946 deorum:
926 1885 956 1946 in
971 1889 1100 1946 seeundo

226 1993 323 2046 autem
342 1991 411 2044 uult
427 1987 548 2060 Orphei,
574 1986 699 2054 Musaei,
714 1986 848 2054 Hesiodi,
863 1987 1039 2062 Homerique
1060 1988 1099 2044 ta·

225 2089 316 2144 bellas
331 2087 553 2144 aooommodara
573 2084 595 2120 ⁷²
602 2087 638 2144 ad
653 2105 698 2154 aa,
719 2105 795 2162 quae
818 2086 881 2160 ipse
909 2088 1003 2161 primo
1024 2088 1098 2144 libro

225 2187 262 2244 de
283 2179 339 2244 diis
369 2187 581 2244 immortalibus
614 2186 742 2244 dixerit:
764 2191 796 2244 ut
826 2185 916 2244 etiam
949 2184 1099 2242 veterrimi

224 2283 343 2356 politae,
365 2286 413 2358 qui
430 2287 504 2341 baeo
529 2301 568 2340 ua
595 2285 735 2357 auspicati
760 2284 884 2358 quidem
905 2284 973 2351 sint,
1004 2281 1099 2341 Stoici

225 2381 314 2438 tuisse
333 2383 496 2440 videantur.
539 2383 635 2452 Quem
650 2384 801 2456 Diogenes
826 2382 1007 2456 Babylonius
1030 2399 1098 2439 oon·

225 2495 349 2552 sequeus
363 2480 394 2536 in
408 2497 445 2536 eo
460 2480 542 2546 libro,
556 2479 604 2552 qui
618 2479 786 2537 ioaoribitur
810 2481 846 2536 de
874 2480 1022 2548 Minerva,
1036 2499 1098 2554 par·

227 2583 288 2636 tum
314 2577 408 2644 loris,
422 2583 572 2652 ortumque
596 2578 719 2652 virginis
744 2579 781 2635 ad
806 2577 1018 2654 physiologiam
1044 2588 1099 2637 tra-

226 2678 346 2738 ducens,
366 2675 519 2750 ”dijungit
533 2695 550 2734 a
564 2677 670 2736 tabula.

266 2776 398 2848 Exposui
412 2776 472 2832 lere
488 2792 546 2832 non
571 2775 805 2848 pbilosophorum
815 2775 938 2850 judicie,
952 2777 1004 2834 sed
1027 2776 1097 2836 deli·
1110 2771 1150 2828 16

226 2874 353 2932 rontium
366 2875 488 2931 somnia.
508 2892 563 2931 neo
576 2872 655 2930 enim
676 2875 767 2930 multo
782 2873 948 2931 absurdiora
971 2882 1038 2933 sunt
1052 2893 1098 2943 ea,

225 2989 300 3048 quaa
320 2973 470 3045 politanum
496 2973 618 3032 vocibus
643 2972 715 3037 tusa,
740 2973 803 3046 ipsa
824 2972 969 3030 suavitate
992 2991 1097 3030 oooue·

225 3077 312 3129 runt:
332 3072 382 3147 qui
409 3077 440 3130 et
466 3072 508 3130 ira
532 3071 737 3139 inflammatos,
761 3076 792 3130 et
819 3070 941 3130 libidine
969 3071 1096 3132 furentes

254 3248 278 3282 ⁷²
291 3249 322 3294 od
330 3263 362 3302 aa,
372 3261 427 3306 quae
442 3247 488 3305 ipra
505 3248 576 3306 priano
586 3249 644 3295 libro
654 3274 662 3284 -
672 3275 680 3284 ·
690 3247 796 3308 diarria]
821 3247 881 3296 Puto
890 3245 1020 3294 Ciceronem
1030 3246 1096 3309 sarip-

225 3307 279 3356 aisae
288 3307 384 3354 dixerat.
396 3312 442 3354 turo
452 3315 502 3369 post
511 3312 571 3362 ruat,
587 3323 629 3354 non
640 3307 692 3354 rint.
781 3313 784 3320 “

254 3387 279 3420 '¹³
292 3386 395 3446 diirragit
411 3403 425 3432 o
436 3388 531 3456 fabulo]
550 3387 739 3456 eddqsupe'riores
756 3384 862 3456 depungit
871 3383 930 3456 quod
946 3387 969 3431 et
980 3397 993 3430 a
1004 3383 1050 3430 Ma.
1063 3399 1093 3456 m.

225 3445 253 3492 h
262 3451 363 3492 notatum
372 3454 413 3492 est.
425 3447 463 3492 alri
474 3446 558 3494 dedere
567 3445 685 3504 diepam.
717 3445 786 3493 Bdrdr
795 3445 905 3504 didani,
921 3445 981 3506 quod
996 3457 1062 3505 nepe
1072 3457 1096 3490 rs

226 3502 330 3562 dajuapit
339 3513 363 3554 at
372 3504 483 3566 diq'uamt
493 3508 602 3552 mutatum
611 3508 652 3552 est.
