2552 4208
495 309 763 390 praeemantur.
999 316 1061 382 m

187 465 272 527 rllioa
283 465 346 526 nali
360 481 468 526 mmor.
487 463 571 522 ¹'aed
590 471 636 522 ert
651 468 752 522 natura
766 461 827 522 iera
849 461 882 524 ln
896 461 1001 524 animia
1019 468 1063 522 ta·

188 583 294 626 nerum
308 565 445 640 quiddam
460 571 546 637 atque
568 565 666 630 molle,
680 563 756 636 quod
774 563 966 637 aegritudine,
979 561 1064 638 quael

64 667 65 672 ’
187 669 377 740 tempestate,
403 662 557 738 quatiatur.
608 661 675 718 Neo
702 661 825 718 alranrde
849 663 975 720 crantor
1001 661 1063 731 itta,

190 763 292 839 quiin
320 767 417 820 nortra
439 759 601 818 Academia
624 761 672 817 vel
696 759 727 816 in
746 757 846 832 primia
865 759 919 816 luit
947 760 1064 830 nobilia.

189 859 326 929 llinime,
339 860 442 936 inquit,
456 859 601 918 assentior
614 858 660 923 iia,
684 857 734 930 qni
754 856 841 916 iatam
862 858 963 916 nereio
977 875 1064 933 quam

189 959 384 1018 indolentiam
417 976 592 1032 magnopere
614 956 755 1014 iaudent:
776 973 851 1030 quae
877 973 935 1016 neo
969 959 1065 1030 potent

190 1060 251 1118 ulla
264 1075 329 1114 eree
340 1075 395 1116 neo
409 1059 507 1114 debet.
583 1057 631 1114 Ne
644 1061 780 1130 aegrotae
793 1056 858 1123 sim,
878 1054 992 1128 inquit:
1012 1053 1066 1112 aed

191 1156 218 1216 ri
235 1156 348 1223 luerim,
361 1173 463 1214 muana
473 1155 559 1222 abrit,
572 1156 637 1214 aive
651 1163 767 1213 aeoetur
778 1155 856 1230 quid,
869 1153 935 1212 rire
954 1155 1067 1212 arella·

188 1260 235 1314 tur
248 1274 265 1313 a
278 1272 408 1329 empore.
420 1271 487 1312 nam
501 1255 576 1312 intuo
597 1255 670 1312 nihil
682 1256 791 1321 dolere,
807 1271 867 1312 non
882 1253 1065 1326 ainemagna

189 1357 326 1414 meronda
340 1353 497 1426 mutingit,
510 1353 701 1412 immanitatia
715 1353 746 1412 in
771 1353 881 1422 animo,
893 1353 1019 1428 atnporia
1032 1353 1065 1412 in

190 1469 322 1524 torpore.
365 1453 427 1510 Sed
441 1451 602 1517 videamur,
616 1469 654 1510 ne
668 1452 741 1510 haee
755 1453 849 1510 oratio
861 1452 900 1511 ait
915 1453 1067 1510 nominum

191 1550 403 1608 ”mutantium
428 1554 544 1606 noalrae
568 1547 775 1614 imbecillitati,
796 1554 827 1607 et
851 1549 1067 1626 indulgentium

193 1648 389 1708 mollitudini:
410 1652 575 1704 amantem
596 1647 753 1704 audeamus
775 1663 834 1704 non
858 1650 952 1706 aulum
972 1665 1068 1707 ramea

192 1753 346 1820 amputare
359 1746 550 1812 miseriarum,
564 1745 616 1802 aed
629 1761 731 1802 omnes
745 1744 875 1804 radicum
888 1747 974 1804 librar
987 1747 1068 1806 evel·

190 1846 263 1906 tere.
278 1851 377 1903 tamen
390 1843 499 1918 aliquid
514 1843 692 1917 relinquetur
705 1842 836 1902 lortaaaa.
851 1844 893 1902 ita
906 1851 977 1904 aunt
987 1849 1067 1905 altar

191 1944 297 2018 atirpee
310 1944 462 2002 stultitiae.
476 1943 528 2000 aed
544 1941 722 2017 relinquetur
741 1943 771 2001 id
786 1945 889 2012 nolum,
911 1946 986 2020 quod
1010 1946 1068 2004 erit

191 2043 400 2106 neoeraarium.
422 2041 495 2100 illud
519 2041 636 2117 quidem
660 2042 704 2100 aio
729 2043 845 2110 habeto,
869 2043 928 2102 niai
947 2050 1067 2104 sanatur

190 2143 305 2202 animoa
325 2142 373 2211 ait,
387 2144 464 2218 quod
485 2141 550 2200 aine
575 2141 759 2216 plriloaophia
783 2142 848 2202 fieri
875 2160 935 2202 non
962 2150 1068 2218 pateat,

191 2241 280 2302 inem
295 2241 474 2300 mitellarum
498 2241 609 2298 nullum
630 2241 699 2298 lore.
720 2243 918 2316 quamobrem,
930 2243 1069 2318 quoniam

193 2339 354 2412 eoepimua‚
380 2341 526 2396 tradamur
546 2355 599 2397 noa
627 2338 656 2396 ei
679 2340 833 2397 onrandoa.
854 2339 1068 2412 sanabimur,ai

194 2440 336 2496 rolemna.
350 2442 381 2493 et
396 2439 562 2510 progrediar
575 2436 693 2513 quidem
704 2438 818 2512 longina
832 2459 840 2496 ε
861 2457 922 2498 non
936 2441 1015 2500 enim
1029 2443 1068 2500 de

189 2535 377 2609 aegritudine
390 2537 494 2601 nolum,
508 2553 681 2611 quamquam
695 2537 725 2594 id
739 2536 855 2611 quidem
870 2539 1003 2612 primum,
1016 2541 1069 2598 aad

192 2633 231 2692 do
244 2631 325 2690 omni
338 2631 439 2699 animi,
453 2637 485 2690 ut
495 2651 552 2707 ego
565 2634 658 2709 poeni,
672 2633 898 2708 perturbatione,
912 2639 1022 2705 morbo,
1037 2645 1069 2696 ut

194 2731 306 2793 Graeoi
328 2732 441 2798 volunt,
454 2732 620 2805 explicabo.
661 2731 700 2789 Et
715 2733 816 2806 priano,
830 2733 856 2790 ai
870 2733 977 2806 planet,
993 2736 1069 2794 stot-

160 2813 164 2821 ¹
192 2813 294 2892 norum
308 2847 387 2888 more
400 2847 530 2904 agamus,
550 2829 599 2904 qul
622 2829 752 2887 breviter
771 2831 951 2906 adstringere
973 2835 1070 2894 aulem

193 2934 380 3006 argumenta:
402 2929 510 2988 deinde
524 2933 623 2986 nortro
636 2928 771 2986 instituto
791 2929 969 3004 vagablmnr.

233 3028 293 3103 Qui
306 3028 388 3087 sortia
401 3035 456 3096 eat,
469 3028 547 3086 idem
561 3037 605 3086 ert
620 3029 732 3088 fidene:
752 3027 892 3104 qnoniam
906 3032 1098 3104 confidendi

195 3131 274 3192 mala
294 3127 507 3188 contuetudine
522 3129 660 3204 loquendi
679 3127 711 3188 in
726 3128 800 3187 vitio
814 3129 938 3204 ponitur,
951 3132 1071 3192 duotnrn

226 3302 251 3338 Β
265 3303 303 3351 aad
311 3307 342 3352 art
351 3301 501 3366 natumsere]
516 3303 547 3350 aia
556 3317 598 3364 pro
606 3303 743 3360 naturabile.
749 3306 808 3368 qnod
819 3317 863 3352 uon
873 3311 906 3353 ert
919 3304 994 3354 latinia
1003 3305 1071 3354 orita-

196 3363 354 3419 tmnrerbum.
367 3357 488 3421 BentlrJua.
497 3363 626 3425 recepitque
639 3365 750 3411 Daviaim.
782 3365 821 3411 Sin
836 3373 870 3412 eat
887 3371 911 3412 et
921 3365 948 3414 la
961 3367 990 3413 ll.
1002 3380 1021 3414 a.
1032 3369 1069 3416 lt.

197 3425 229 3472 aa
237 3421 264 3470 in
272 3422 356 3470 aalma
364 3423 522 3479 onmiumfm
532 3427 614 3469 aotam
623 3425 687 3470 molle
697 3423 810 3484 quiddam.
819 3429 862 3474 rto.
