2558 4198
427 902 467 952 Μ.
492 898 605 950 TUldsll
627 897 801 950 CICERONIS

280 1077 353 1154 DE
388 1078 640 1157 NATURA
683 1075 952 1166 DEORUM,

423 1304 488 1363 AD
519 1302 802 1362 M.BRUTUM

468 1501 567 1551 LIBER
582 1501 761 1551 SECUNDUS.

480 1760 748 1808 decurrendum.

173 1885 218 1935 llic
229 1885 286 1934 liber
294 1887 393 1936 continet
406 1887 472 1936 Balbi
487 1887 661 1950 disputationem
672 1887 701 1934 de
716 1890 797 1934 natura
807 1885 915 1945 Deorum,
933 1899 962 1934 er
970 1889 1051 1935 mente·

200 1969 326 2015 Stoicorum
336 1984 344 2028 ;
359 1969 397 2031 qui
417 1973 488 2016 totam
498 1967 564 2016 istam
575 1966 727 2029 quaestionem
738 1965 760 2013 ln
780 1971 856 2028 partes
866 1971 974 2028 quattuor
989 1965 1046 2014 diri·

201 2048 292 2096 debant.
333 2047 432 2096 Primum
456 2047 517 2096 euim
535 2047 654 2104 docebant,
677 2061 725 2096 esse
750 2047 826 2095 Deos,
858 2048 947 2106 deinde,
967 2047 1045 2109 quales

131 2177 146 2200 ο
201 2134 291 2178 essent:
315 2133 370 2187 tum,
387 2130 496 2177 muudum
515 2128 544 2175 ab
562 2128 596 2176 nis
614 2129 781 2176 administrari:
798 2134 919 2190 postremo,
929 2128 1045 2174 consulere

199 2223 237 2257 eos
247 2211 313 2257 rebus
331 2209 439 2258 humanis.
471 2209 516 2257 llic
531 2209 599 2269 igitur
615 2214 722 2271 quattuor
737 2215 851 2269 tamquam
867 2208 977 2269 capitibus
994 2212 1043 2254 tole

200 2289 265 2339 Balbi
280 2291 402 2352 disputatio
417 2290 550 2337 continetur.
583 2289 615 2336 nt
632 2289 812 2350 primoquidem
830 2303 889 2350 pars,
907 2302 1043 2350 quamquam

199 2383 229 2416 ne
237 2383 303 2426 egere
313 2368 402 2428 quidem
411 2358 514 2414 oratione
529 2367 603 2413 videri
612 2373 710 2427 poterat,
720 2375 795 2414 tamen
811 2369 946 2427 argumentis
964 2370 1043 2415 conflr‘

199 2453 281 2493 matur.
313 2445 373 2492 Nam
382 2446 463 2506 primo,
473 2446 533 2507 quod
543 2445 641 2492 omnium
658 2445 797 2492 consentiens
807 2453 842 2492 est
856 2447 886 2492 de
896 2447 946 2494 Diis
956 2447 1041 2508 opinio,

200 2529 280 2572 natura
290 2523 380 2570 evidens
390 2525 420 2570 sit
437 2539 525 2570 necesse
544 2529 591 2570 est:
608 2523 698 2580 deinde,
715 2523 754 2569 Dii
772 2522 814 2583 ipsi
832 2526 1006 2584 praesentiusue
1017 2533 1042 2573 et

200 2603 343 2666 apparitione
353 2617 402 2649 eam
413 2617 460 2649 rem
475 2604 643 2649 confirmarunt:
660 2601 825 2664 praedictiones
842 2603 896 2648 item
906 2609 929 2650 et
939 2617 1041 2661 praesen·

200 2685 272 2733 siones
295 2697 369 2730 rerum
389 2683 520 2740 futurarum,
538 2683 599 2729 Deos
617 2697 673 2740 esse,
693 2683 807 2742 clamant;
832 2683 929 2730 omnium
945 2683 1041 2730 maxime

199 2769 273 2813 antem
293 2764 349 2811 mira
365 2763 434 2810 totius
449 2762 527 2809 mnndi
545 2761 650 2820 varietas,
670 2761 821 2824 pulchritudo,
840 2763 903 2820 ordo,
923 2777 1040 2825 rerumque

197 2846 294 2893 omnium
310 2845 338 2891 ud
353 2844 476 2891 utilitatem
492 2843 611 2888 humanam
622 2841 766 2901 conspiratio.
799 2842 859 2894 Quin
869 2857 897 2889 er
911 2843 960 2904 ipsa
970 2845 1040 2891 homi·

196 2940 247 2974 num
258 2924 358 2970 sollertia
368 2923 443 2982 colligi
454 2926 535 2983 potest,
552 2935 600 2967 esse
609 2922 707 2982 aliquam
724 2922 822 2968 divinam
841 2929 945 2970 mentem.
978 2923 1038 2971 Nam
1093 2989 1102 3000 ,
1180 2923 1184 2930 '

198 3005 216 3052 si
228 3010 310 3061 cetera,
328 3017 386 3063 quae
396 3003 418 3049 in
437 3016 530 3063 corpore
542 3005 600 3056 sunt,
616 3000 730 3048 sumsimus
740 3001 839 3060 aliunde,
860 3003 920 3050 eliud
939 3007 1037 3060 asem,

196 3084 257 3131 aliud
269 3083 298 3129 ab
317 3083 416 3139 humore¹
434 3083 498 3129 alind
513 3081 542 3128 ab
560 3085 624 3138 edre,
634 3081 696 3129 aliud
712 3081 742 3128 ab
758 3081 802 3142 igni
811 3099 818 3141 ;
847 3083 956 3130 rationem
968 3082 1037 3130 etiem

195 3165 286 3212 aliunde
298 3165 418 3210 habeamus
428 3176 516 3209 necesse
523 3166 570 3209 est:
582 3167 606 3208 et
616 3177 665 3208 cum
675 3169 750 3209 cetera
758 3163 832 3210 omnia
842 3163 935 3211 mundus
946 3162 1043 3221 habeat„

194 3245 253 3308 quod
264 3251 297 3292 est
307 3243 404 3291 omnium
415 3242 531 3304 optimum.
551 3243 573 3288 ld
589 3257 677 3304 quoque
692 3258 732 3289 cor
751 3257 794 3289 non
811 3243 903 3301 habeat,
923 3243 985 3290 nulla
1000 3249 1035 3290 est

195 3325 260 3372 ratio.
292 3325 375 3372 Omnes
384 3337 452 3384 porro
464 3322 595 3380 concedunt,
614 3322 646 3369 nil
664 3337 707 3369 non
718 3323 785 3369 modo
794 3337 842 3369 esse
857 3323 939 3368 mundo
949 3322 1042 3380 mellus..

195 3405 233 3452 sed
249 3404 382 3464 recogitari
398 3403 486 3464 quidem
505 3417 581 3464 posse:
597 3417 673 3463 quare,
692 3417 741 3448 cum
758 3402 847 3448 ratione
863 3401 894 3447 nil
911 3401 997 3457 melius,
1007 3416 1035 3448 ee

195 3498 282 3545 quoque
292 3485 375 3530 mondo
384 3483 436 3529 insit
447 3497 535 3528 necesse
552 3487 598 3541 est;
614 3480 652 3542 qui
672 3481 772 3542 prolecto
782 3496 825 3528 non
836 3487 908 3542 posset
918 3482 950 3529 ita
964 3482 1035 3528 omni-

196 3563 236 3610 bus
246 3565 346 3625 partibus
355 3563 488 3624 consentire,
499 3563 539 3610 uisi
549 3577 594 3610 uno
607 3561 683 3608 divino
698 3567 721 3609 et
736 3560 866 3610 continuato
876 3562 954 3624 spirito
964 3560 1035 3609 conti·

205 3660 333 3703 ron.xu
584 3641 651 3700 28*
