2548 4208
478 345 577 396 nmen
592 343 746 400 noturus.
995 349 1060 414 243
1084 413 1089 428 ,

188 495 333 572 tantisque
366 493 491 571 gaudiis,
517 496 631 554 fortuna
651 495 716 571 ipse
744 490 831 554 cedet
857 511 978 554 necesse
1006 495 1059 554 est.

188 597 272 670 Quod
288 598 312 653 si
321 597 448 670 gaudere
465 595 570 657 talibus
582 595 665 654 bunis
676 595 776 663 animi,
786 595 815 653 id
827 601 881 663 eet,
895 594 1062 664 virtutibus,

186 697 304 754 beatum
318 701 372 764 est,
393 713 551 772 omnesque
565 695 713 769 sapientes
738 695 774 754 iis
788 695 902 770 gaudiis
916 695 1063 769 pertruun-

187 799 248 852 tur:
269 811 371 852 omnes
382 811 432 851 eos
443 794 577 853 confiteri
592 796 692 853 beatos
707 813 782 863 esse,
796 812 918 852 neccsse
933 799 987 851 est.

230 895 268 950 Α.
297 893 433 952 Etiamne
463 895 495 952 in
523 893 653 953 cruciatu
687 899 774 970 utque
803 890 977 952 tormentis?
1018 891 1115 972 ΜΘ

186 989 208 1026 ”
219 992 269 1050 An
293 995 321 1049 tu
334 1011 379 1050 me
398 993 429 1052 in
441 995 521 1051 viola
544 997 675 1068 putabas,
696 998 745 1052 eut
760 994 790 1051 in
807 1011 871 1050 rosa
885 993 1003 1050 dicere:
1024 1009 1063 1050 en

188 1090 325 1164 Epicuro,
336 1093 385 1165 qui
398 1095 598 1152 tantummodo
608 1093 704 1151 induit
724 1108 879 1166 personum
889 1089 1064 1166 philosophi,

188 1194 219 1247 et
245 1189 302 1248 sibi
322 1191 385 1264 ipse
416 1193 472 1249 hoc
500 1211 606 1250 nomen
638 1191 798 1265 inscripsit,
826 1190 925 1250 dicere
945 1189 1062 1247 licebit:

188 1285 277 1367 (quod
291 1291 418 1364 quidem,
432 1295 464 1347 ut
488 1291 576 1349 habet
590 1310 622 1348 se
646 1309 701 1359 res,
716 1309 764 1348 me
790 1294 888 1348 tumen
907 1291 1063 1364 plaudente

188 1387 276 1468 dicit)
296 1391 324 1447 N
329 1392 418 1447 utinm
438 1389 563 1462 sapienti
578 1409 642 1448 esse
667 1395 790 1464 tempus,
813 1389 871 1448 etsi
886 1394 992 1456 uratur,
1007 1394 1064 1446 tor·

189 1496 318 1564 queritur,
343 1494 466 1556 secetur,
491 1489 560 1563 quin
586 1489 676 1564 possit
689 1493 867 1558 exclamare,
892 1489 987 1560 Quem
1012 1503 1065 1560 pro

189 1588 285 1646 nihilo
297 1593 382 1660 puto!
394 1605 460 1644 curn
476 1588 645 1660 praesertim
659 1604 745 1644 omne
760 1590 868 1646 motum
883 1589 982 1642 doiore
996 1587 1064 1643 deii·
1102 1621 1110 1642 .

190 1671 385 1754 internorum
407 1689 568 1761 voluptate,
594 1687 668 1742 hnec
693 1692 791 1744 nostre
813 1687 946 1754 honesta,
970 1685 1065 1758 turpio

175 1785 316 1854 'irrideut‚
329 1786 472 1856 dicatque,
489 1802 541 1844 nos
565 1785 596 1842 in
622 1785 743 1844 vocibus
768 1790 936 1858 occupatos,
956 1783 1061 1842 innnes

189 1902 276 1942 sonos
304 1885 442 1944 sundere:
462 1903 556 1962 neque
585 1886 742 1961 quidquam
768 1886 805 1942 ud
831 1902 883 1942 nos
908 1884 1063 1958 pertinere,

189 1983 245 2042 nisi
256 1987 331 2060 quod
346 1991 395 2042 eut
414 1987 511 2052 laeve,
525 1991 574 2042 eut
589 2003 722 2060 asperum
733 1985 763 2042 in
778 2001 898 2058 corpore
912 1983 1061 2041 sentiatur.

187 2083 357 2161 Huioergo,
381 2091 412 2143 ut
426 2085 499 2153 dixi,
524 2103 583 2143 nou
603 2088 723 2144 muitum
746 2084 925 2142 differentia
946 2084 1062 2158 judicio

186 2186 318 2254 serarum,
331 2185 469 2243 oblivisci
493 2185 596 2243 licebit
610 2183 675 2242 sui?
705 2190 736 2242 et
750 2189 810 2242 tum
834 2184 978 2241 fortunam
991 2201 1061 2242 con·

187 2289 327 2354 temnere,
338 2303 406 2342 cum
416 2285 455 2343 eit
474 2283 593 2342 “omne
608 2290 637 2340 et
652 2286 760 2342 bonum
775 2285 847 2359 ejus,
860 2288 891 2341 et
905 2284 1012 2340 melum
1027 2283 1059 2340 in

188 2389 332 2458 potestate
347 2383 487 2444 fortunae,
501 2389 562 2440 tum
576 2383 682 2450 dicere,
697 2400 729 2439 se
751 2385 869 2440 beatum
891 2383 923 2440 iu
947 2399 1060 2440 summo

187 2481 318 2540 cruciatu
332 2485 418 2554 etque
429 2479 591 2546 tormentis,
601 2495 668 2536 cunr
682 2481 876 2548 constituerit,
895 2499 953 2539 uon
972 2483 1060 2541 modu

189 2596 330 2638 summum
345 2580 452 2635 mulum
463 2595 527 2634 esse
541 2562 680 2645 dolorem,
693 2578 746 2634 sed
765 2578 853 2636 etiem
867 2577 982 2636 sotum?
1002 2597 1059 2638 nec

189 2696 261 2736 vero
273 2677 325 2736 illu
348 2676 404 2734 sibi
426 2676 554 2750 remedie
568 2676 751 2750 comparavit
763 2679 799 2736 ed
815 2677 996 2735 tolerandum
1010 2680 1059 2736 do·

187 2781 287 2845 torem,
311 2775 477 2836 firmitatem
498 2774 600 2842 animi,
627 2775 812 2848 turpitudinis
840 2775 1058 2842 verecundiam.

187 2875 431 2936 exercitationem
445 2872 740 2948 consuetudinemque
755 2873 894 2948 patiendi,
903 2881 1059 2950 pmecepte

187 2974 373 3043 fortitudinis,
384 2973 520 3034 duritiem
536 2972 661 3040 viritem.
676 2972 727 3030 sed
743 2989 799 3030 uun
813 2961 943 3032 sedicit
965 2992 1058 3032 recor·

91 3075 94 3080 “
185 3075 305 3134 datione
318 3074 506 3148 ecquiescere
520 3071 738 3160 praeteriturum
755 3074 956 3150 voluptatum:
977 3078 1018 3142 ut,
1032 3073 1057 3132 si

185 3173 250 3252 quis
263 3178 409 3240 aestuans,
429 3189 496 3230 cum
515 3171 577 3229 vim
597 3169 703 3230 coloris
731 3188 790 3232 uon
814 3172 901 3230 focile
922 3171 1057 3247 patietur,

214 3329 237 3363 ⁹³
252 3332 291 3376 An
300 3334 325 3377 tu
335 3329 470 3376 meinsinde
482 3327 592 3387 potuine]
625 3326 649 3374 Si
660 3325 688 3374 ed
700 3327 872 3392 praecedentem
882 3325 1056 3387 disputationem

185 3389 280 3436 reiertur
291 3391 339 3436 hoc.
352 3388 408 3434 bene
418 3387 487 3434 {rubet
503 3385 596 3444 punto
611 3387 694 3443 dicere,
711 3401 741 3436 nc.
759 3402 808 3433 cum
818 3385 929 3438 dicebam.
940 3391 1009 3448 tuque
1020 3401 1056 3438 ure

185 3447 228 3494 ista
236 3448 345 3494 dicentem
354 3447 472 3494 audiebas:
490 3447 522 3493 siu
533 3445 684 3503 minuemus
713 3445 849 3500 rnetnleriur.
868 3445 928 3506 quod
948 3445 1057 3494 Lambino

185 3506 296 3610 adurebat,
307 3506 345 3568 qui
356 3512 379 3552 et
389 3506 421 3552 sic
431 3505 502 3552 edidit
512 3519 526 3550 e
536 3505 593 3552 Mus.
606 3511 631 3551 ut
646 3512 670 3551 et
690 3461 802 3553 flavinus.
820 3505 851 3550 dc
870 3511 905 3552 cst
921 3510 946 3552 et
964 3505 987 3553 in
1006 3505 1054 3554 Mra

209 3565 260 3612 neti.
271 3573 296 3612 et
305 3566 327 3612 in
335 3565 386 3612 edd.
398 3565 529 3626 quibusdem
539 3563 651 3611 veteribus
661 3568 686 3611 ut
695 3565 786 3620 Juntee.
800 3562 861 3612 Aldi.

217 3643 239 3676 Ἀ
254 3659 317 3694 omne
326 3645 408 3695 bonum
417 3643 475 3706 qius]
491 3655 535 3690 nou
545 3643 655 3703 fortunae,
665 3643 706 3692 red
715 3641 769 3705 ojus,
780 3644 809 3691 de
816 3656 861 3714 quo
869 3641 974 3706 loquitud
