2538 4188
250 323 315 390 452
501 317 546 370 nn
565 317 705 370 unwan
723 317 868 372 nuoauu

247 485 314 529 eum
327 472 486 544 aegrotum,
498 471 548 547 qui
555 470 654 546 jussus
668 468 706 528 sit
721 471 824 528 vinum
837 419 962 537 suniero.
976 465 1120 532 meracius

248 575 416 639 sumturum,
425 571 580 645 statimque
594 571 768 643 periturum
790 587 895 642 magna
913 569 951 627 sit
966 569 998 628 in
1010 572 1115 644 eulpa:

247 671 292 730 aio
307 679 405 732 vestra
418 673 475 730 ista
498 669 682 745 pnovidentia
705 671 954 745 reprehendenda.
977 689 1051 746 quae
1075 689 1118 732 ra·

248 770 358 830 tionem
383 771 496 828 dederit
517 769 562 837 iis,
576 787 647 844 quoe
671 771 772 828 scierit
796 787 833 828 ea
852 787 1001 844 perverse,
1014 777 1045 830 et
1069 772 1120 830 im·

246 873 337 946 probe
351 887 460 928 usuros.
501 868 569 928 Nisi
579 867 651 927 sorte
662 867 770 939 dicitis,
785 887 851 927 eam
873 869 1013 927 nescisse.
1055 870 1121 929 Uti·

246 987 314 1028 nam
329 971 461 1046 quidem!
497 969 557 1027 Sed
570 985 629 1027 uon
642 961 796 1026 audebitis.
820 985 880 1027 non
900 969 981 1028 enim
1000 969 1119 1046 ignoro,

245 1066 265 1100 ¹¹
279 1070 380 1145 quanti
394 1069 455 1144 ejus
470 1085 576 1126 nomen
591 1067 706 1142 putetis.

195 1173 238 1234 ³2
287 1169 348 1226 Sed
362 1169 411 1226 hie
425 1168 542 1244 quidem
559 1169 643 1225 loeus
666 1165 876 1240 ooneludijam
890 1170 996 1240 potest.
1037 1167 1119 1229 Nem

245 1267 272 1326 si
285 1267 418 1336 stultitia,
431 1285 575 1327 consensu
599 1267 728 1328 omnium
753 1267 999 1342 philosophorum,
1023 1268 1117 1342 majus

245 1373 291 1426 est
301 1370 419 1435 malum,
433 1383 519 1442 quam
528 1368 559 1438 ¹si
572 1367 671 1426 omnia
681 1369 762 1426 mala
775 1373 807 1424 et
821 1368 952 1426 fortunae
965 1371 996 1423 et
1015 1382 1119 1440 eorpo-
1151 1387 1156 1394 ·

245 1464 285 1524 ris
298 1485 335 1524 ex
360 1467 451 1524 altera
474 1471 557 1541 parte
579 1473 741 1542 ponantur:
762 1466 935 1542 sapientiam
953 1471 1051 1523 autem
1065 1483 1116 1524 ne·

245 1582 294 1624 mo
304 1565 483 1644 assequitur:
503 1566 535 1624 in
549 1567 668 1626 summis
683 1566 766 1624 malis
778 1584 879 1624 omnes
892 1583 998 1634 sumus,
1012 1565 1114 1640 quibus

245 1683 299 1722 vos
313 1667 423 1740 optime
450 1669 616 1724 consultum
638 1683 656 1724 s
683 1667 740 1724 diis
767 1665 977 1724 immortalibus
1003 1663 1114 1722 diuitis.

243 1763 324 1822 Nam
337 1771 369 1821 ut
383 1765 457 1822 nihil
472 1765 603 1834 interest,
622 1771 716 1824 utrum
739 1777 826 1823 nemo
840 1767 948 1832 valeat,
968 1779 1005 1822 an
1026 1779 1114 1821 nemo

243 1863 334 1936 possit
349 1865 468 1920 valere:
488 1865 533 1920 sio
547 1881 606 1920 non
631 1857 774 1937 intelligo,
788 1863 857 1938 quid
881 1861 1006 1930 intersit,
1019 1866 1115 1919 utrum

242 1976 331 2018 nemo
341 1961 379 2017 sit
392 1962 518 2032 sepiens,
533 1980 570 2020 an
585 1979 673 2020 nemo
686 1979 751 2018 esse
773 1962 872 2034 possit.
917 1960 964 2019 Ao
979 1977 1032 2018 nos
1053 1957 1116 2032 qui·

186 2073 187 2077 ’
241 2056 308 2114 ulem
330 2055 414 2114 nimis
429 2059 519 2110 multa
542 2059 579 2112 de
594 2075 624 2111 re
638 2058 828 2126 apertissima.
866 2057 992 2112 Telamo
1012 2061 1112 2114 autem

242 2173 301 2214 uno
328 2171 413 2212 versu
441 2154 537 2209 locum
562 2155 654 2208 totum
674 2146 803 2219 conticit,
830 2167 883 2208 our
907 2151 951 2208 dii
974 2152 1110 2213 homiues

240 2254 411 2328 negligente
681 2245 690 2284 ⁸
890 2245 892 2252 ’

293 2365 354 2413 Nam
368 2361 483 2422 densent,
492 2363 623 2414 benebonis
633 2365 670 2423 sit,
678 2363 738 2413 male
747 2363 826 2414 malin
842 2367 902 2429 quod
911 2367 1049 2417 nuneabut.
1074 2337 1084 2356 ”

239 2490 398 2552 Debebunt
410 2490 454 2549 illi
469 2491 585 2567 quidem
596 2507 698 2548 omnes
712 2491 804 2548 bonos
815 2490 939 2558 efficere,
953 2490 979 2550 si
992 2491 1110 2567 quidem

239 2593 389 2652 hominum
403 2591 504 2664 generi
518 2591 717 2648 consulebant.
761 2589 816 2646 Sin
838 2589 870 2647 id
889 2587 1003 2647 minus:
1024 2589 1108 2662 bonis

237 2693 355 2766 quidem
381 2696 462 2748 uerte
483 2691 636 2746 oonsulere
655 2688 812 2745 debebant.
854 2689 914 2746 Cur
940 2687 1029 2761 igitur
1049 2688 1109 2746 duo

238 2790 403 2864 Scipiones,
416 2787 584 2846 lorbssimos
604 2796 633 2844 et
648 2785 773 2858 optimos
789 2786 875 2854 viros,
902 2789 936 2844 ln
955 2785 1108 2860 'Hispania

237 2889 354 2948 Poenus
367 2883 529 2963 oppressit?
550 2887 610 2945 Cur
626 2886 772 2944 Maximus
794 2887 900 2944 extulit
926 2887 1017 2945 lilium
1038 2903 1108 2947 eon·

234 2985 384 3046 solarem?
418 2988 478 3046 (lus
507 2985 679 3044 Marcellum
696 2986 826 3044 Annibal
842 2983 1020 3052 interemit&
1045 2987 1106 3046 Cur

236 3086 370 3145 Paullum
392 3085 515 3144 Osnnne
528 3087 704 3144 sustulerunt
719 3081 731 3142 l
751 3085 811 3145 Cur
827 3085 989 3166 Poenorum
1003 3087 1105 3146 erude-

235 3185 313 3244 litsti
326 3185 432 3259 Reguli
442 3200 547 3257 eorpus
561 3189 607 3242 eet
628 3167 814 3256 pmebitum'l
847 3183 907 3242 Cur
929 3184 1103 3244 Africanum

235 3284 389 3342 domestici
405 3283 529 3356 parietes
543 3267 601 3342 uon
624 3265 787 3342 texerunt?
823 3284 882 3340 Sed
902 3283 976 3343 haee
992 3289 1104 3354 vetera,

235 3382 338 3440 stolia
352 3383 500 3456 permulta
517 3380 648 3456 propiora
663 3381 822 3440 videamus.
864 3381 924 3440 Cur
936 3386 1100 3442 avunculus

235 3495 325 3548 meus,
347 3481 392 3537 vir
412 3481 677 3547 innocentissimus,
697 3481 831 3555 idemque
850 3481 1044 3551 doctissimus,
1064 3481 1101 3541 P.

264 3629 283 3664 u
297 3631 377 3690 mn·
385 3633 630 3699 φωραθείς]
660 3615 1038 3698 Bemmujeeitllavisiutm
1056 3704 1066 3714 ‚
