2548 4208
474 341 575 397 ulnus
593 341 755 398 concurs.
976 349 1039 412 m

167 497 272 557 sedatu
285 499 384 556 lernen
398 499 429 555 et
442 494 598 567 tranquilla
612 511 677 551 esse
700 494 817 551 debent.
857 491 925 550 dam
947 491 1039 566 aegri·

170 597 301 656 tudinem
325 596 452 662 laudare,
473 609 559 652 uuam
585 609 648 650 rem
671 592 800 651 maxime
825 591 1039 660 detestabilem,

171 713 291 770 quorum
314 699 358 752 est
380 695 500 752 taudem
527 687 785 768 pbilosophorum?
819 692 863 751 At
886 690 1038 752 commode

92 786 97 804 ¹
170 794 248 853 dixit
262 793 410 863 Alranius,

289 947 417 998 Dummodo
430 950 508 998 doleat
522 949 615 1012 aliquid,
632 950 710 998 doleat
723 949 783 1012 quod
799 947 870 995 lubet.
950 995 952 998 .

172 1087 261 1146 Dixit
275 1089 354 1148 edim
367 1091 403 1147 de
418 1093 606 1150 adolescente
620 1089 733 1164 perdito
746 1105 782 1146 ac
795 1087 953 1144 dissoluto:
984 1099 1038 1142 nor

170 1191 269 1245 autem
289 1188 326 1244 de
340 1190 486 1246 constanti
500 1190 565 1248 viro
582 1207 618 1248 ac
637 1187 765 1262 sapienti
786 1186 957 1260 quaerimus.
999 1183 1039 1240 ut

170 1287 287 1362 quidem
308 1287 402 1358 ipsam
423 1287 504 1344 illam
524 1288 596 1346 iram
619 1287 752 1345 centurio
774 1286 888 1350 habeat,
910 1289 959 1341 aut
983 1282 1042 1356 sig·¹

169 1386 253 1454 niter,
275 1388 325 1443 vel
349 1386 451 1453 ceteri,
464 1387 501 1444 de
524 1385 625 1461 quibus
639 1385 700 1444 dici
714 1403 774 1443 non
788 1401 909 1442 necesse
922 1388 975 1449 est,
999 1397 1040 1438 no

170 1486 316 1542 rhetorum
336 1485 498 1557 aperiamus
518 1485 667 1558 mysteria.
706 1482 727 1516 ⁸⁸
738 1484 821 1542 Utile
835 1489 878 1540 est
892 1481 981 1548 enim,
995 1478 1039 1536 uti

169 1589 250 1641 motu
265 1583 366 1649 animi,
390 1581 440 1657 qui
454 1583 623 1640 clinatione
644 1599 702 1640 non
723 1585 835 1653 potest:
864 1596 918 1636 nos
931 1586 1039 1644 autem,

171 1690 203 1742 ut
225 1684 363 1741 testificor
376 1701 474 1757 saepe,
487 1683 525 1740 dc
538 1682 670 1755 sapiente
684 1680 854 1756 quaerimus.
896 1680 939 1738 At
949 1679 1039 1734 etiam

169 1784 310 1842 aemulari
330 1784 401 1870 utile
421 1788 475 1850 eet,
499 1783 672 1847 obtrectare,
693 1780 832 1838 misereri.
872 1777 933 1837 Cur
954 1778 1036 1834 mise·
1048 1796 1091 1866 25

170 1899 252 1940 reare
273 1882 377 1956 potius,
398 1899 482 1957 quarn
497 1881 571 1939 leras
595 1898 689 1954 opem,
710 1879 736 1938 si
758 1879 788 1937 id
807 1878 903 1936 lacere
925 1873 1037 1950 possis?

169 1997 207 2039 an
230 1983 295 2040 sinc
316 1981 515 2039 misericordie
535 1981 670 2038 liberales
697 1996 842 2038 essenon
865 1970 1038 2052 possumus?

148 2099 228 2139 non
253 2083 332 2139 enim
355 2081 502 2155 suscipere
525 2080 582 2153 ipsi
609 2081 805 2154 aegritudines
827 2083 942 2153 propter
963 2075 1038 2133 alios

167 2181 322 2238 debemus=
343 2181 395 2238 sed
408 2181 489 2250 ulios,
504 2179 530 2236 si
551 2196 710 2252 possumus,
730 2182 830 2237 levare
845 2175 1036 2252 aegritudine.

167 2279 339 2336 obtrectare
360 2297 432 2336 vcro
446 2279 541 2345 elteri,
556 2283 606 2338 aut
629 2281 682 2338 illc
702 2278 811 2336 vitiosa
830 2273 1037 2342 aemulatione,

168 2401 241 2457 quae
255 2384 397 2440 rivalitati
412 2384 516 2441 similis
538 2391 593 2452 eet,
612 2367 752 2442 aemulari
765 2384 835 2458 quid
859 2385 948 2440 habet
961 2378 1037 2436 utili·

61 2525 63 2530 ,
168 2481 246 2547 tntis,
274 2497 341 2536 cum
368 2479 406 2536 sit
428 2481 610 2549 aemulantis,
635 2482 703 2555 augi
727 2483 825 2540 alieno
846 2485 931 2548 bono,
960 2485 1037 2561 quod

167 2576 231 2650 ipse
256 2593 315 2633 uon
342 2577 463 2633 habeat:
498 2577 689 2636 obtrectantis
715 2585 823 2648 autem,
847 2583 916 2656 angi
939 2573 1060 2643 alieno¹

167 2675 254 2742 bono,
268 2675 344 2750 quod
357 2674 388 2732 id
402 2675 492 2732 etiam
505 2675 577 2734 elius
590 2677 695 2734 habeat
707 2675 724 2736 l
736 2677 759 2709 ⁸⁷
766 2681 816 2754 qui
830 2681 860 2738 id
884 2681 1037 2754 approbari

167 2773 268 2853 possit,
291 2776 319 2830 tc
339 2771 583 2849 “aegritudinem
606 2775 752 2848 suscipere
772 2795 824 2850 pro
845 2780 1038 2852 experientia,

167 2871 282 2948 siquid
306 2873 412 2930 babere
442 2869 542 2930 velis?
569 2870 667 2930 ⁸⁰narn
694 2875 788 2930 solum
815 2877 922 2933 babere
948 2881 1036 2948 velle,

167 2985 278 3028 summa
292 2969 441 3028 dementia
454 2975 508 3028 eet.
550 2969 772 3033 lllediocritctcs
786 2979 884 3032 antem
897 2978 1037 3036 malorum

168 3069 231 3146 quin
245 3071 362 3128 laudare
384 3074 466 3129 recte
485 3067 600 3144 possit‘l
618 3070 682 3145 quis
706 3071 786 3131 enim
808 3079 913 3148 potest,
926 3075 957 3133 in
979 3093 1036 3151 quc

196 3225 217 3260 θ’
236 3225 298 3272 Utile
307 3229 338 3272 cst
353 3225 431 3288 enim]
462 3224 514 3272 Hoc
531 3231 565 3273 est
579 3226 702 3274 adversarii
719 3228 843 3287 objicientis
857 3229 979 3277 utilitatem
989 3243 1036 3278 mo·

166 3287 229 3332 tuum
241 3283 316 3332 animi.
328 3299 369 3345 pro
377 3287 444 3342 potest
453 3285 530 3332 melius
540 3287 569 3333 sit
576 3287 649 3343 matut.
1001 3301 1004 3307 '

167 3363 313 3484 edwvffpirffn
325 3364 654 3482 mzmemmffic
668 3365 726 3416 Mra
744 3366 820 3428 plures
834 3367 905 3416 stium
921 3368 995 3416 duell.
1010 3372 1037 3418 et

196 3499 217 3531 ⁸⁸
231 3513 292 3558 eegr.
311 3501 418 3571 montpere
434 3515 476 3558 pro
495 3501 639 3564 operientia]
656 3501 670 3549 i.
687 3516 708 3552 e.
724 3507 750 3552 ut
768 3504 889 3566 intelligar,
907 3510 931 3554 te
949 3506 1037 3557 babere

167 3557 234 3613 velle,
243 3563 268 3604 ut
279 3573 307 3604 ea
317 3564 347 3605 sut
356 3565 486 3617 argumento
495 3561 624 3622 cupiditati·
634 3567 694 3610 tuse.

197 3633 219 3671 ⁸⁸
233 3649 285 3708 nam
295 3639 367 3686 tolum
374 3638 453 3688 locare
461 3639 526 3703 aelle]
541 3640 583 3688 boc
592 3642 691 3704 pertinet
699 3643 728 3694 cd
738 3643 933 3698 obtrectationem
996 3641 1000 3648 ’
