<?xml version="1.0" encoding="UTF-8"?>
<!DOCTYPE html PUBLIC "-//W3C//DTD XHTML 1.0 Transitional//EN"
    "http://www.w3.org/TR/xhtml1/DTD/xhtml1-transitional.dtd">
<html xmlns="http://www.w3.org/1999/xhtml" xml:lang="en" lang="en">
 <head>
  <title>
</title>
<meta http-equiv="Content-Type" content="text/html;charset=utf-8" />
  <meta name='ocr-system' content='tesseract 3.04.00' />
  <meta name='ocr-capabilities' content='ocr_page ocr_carea ocr_par ocr_line ocrx_word'/>
</head>
<body>
  <div class='ocr_page' id='page_1' title='image "./mtvlliiciceroni11cicegoog_0433.png"; bbox 0 0 2538 4188; ppageno 0'>
   <div class='ocr_carea' id='block_1_1' title="bbox 253 313 868 390">
    <p class='ocr_par' dir='ltr' id='par_1_1' title="bbox 253 313 868 390">
     <span class='ocr_line' id='line_1_1' title="bbox 253 313 868 390; baseline -0.033 -10"><span class='ocrx_word' id='word_1_1' title='bbox 253 329 317 390; x_wconf 56' lang='grc' dir='ltr'><strong>θῶ</strong></span> <span class='ocrx_word' id='word_1_2' title='bbox 500 318 546 367; x_wconf 73' lang='lat' dir='ltr'><strong>DE</strong></span> <span class='ocrx_word' id='word_1_3' title='bbox 567 314 704 366; x_wconf 71' lang='lat' dir='ltr'><strong>ostona</strong></span> <span class='ocrx_word' id='word_1_4' title='bbox 724 313 868 365; x_wconf 77' lang='lat' dir='ltr'><strong>DEORUM</strong></span> 
     </span>
    </p>
   </div>
   <div class='ocr_carea' id='block_1_2' title="bbox 101 457 1251 2711">
    <p class='ocr_par' dir='ltr' id='par_1_2' title="bbox 101 457 1251 2711">
     <span class='ocr_line' id='line_1_2' title="bbox 251 457 1122 542; baseline -0.011 -14"><span class='ocrx_word' id='word_1_5' title='bbox 251 473 328 538; x_wconf 88' lang='lat' dir='ltr'><strong>sunt,</strong></span> <span class='ocrx_word' id='word_1_6' title='bbox 340 483 407 526; x_wconf 86' lang='lat' dir='ltr'><strong>oum</strong></span> <span class='ocrx_word' id='word_1_7' title='bbox 418 466 524 524; x_wconf 83' lang='lat' dir='ltr'><strong>dooere</strong></span> <span class='ocrx_word' id='word_1_8' title='bbox 539 467 640 532; x_wconf 79' lang='lat' dir='ltr'><strong>relies,</strong></span> <span class='ocrx_word' id='word_1_9' title='bbox 655 461 738 542; x_wconf 86' lang='lat' dir='ltr'><strong>[deos</strong></span> <span class='ocrx_word' id='word_1_10' title='bbox 752 457 841 537; x_wconf 71' lang='lat' dir='ltr'><strong>esse]</strong></span> <span class='ocrx_word' id='word_1_11' title='bbox 855 465 983 534; x_wconf 87' lang='lat' dir='ltr'><strong>quareet</strong></span> <span class='ocrx_word' id='word_1_12' title='bbox 996 463 1122 520; x_wconf 86' lang='lat' dir='ltr'><strong>mundus</strong></span> 
     </span>
     <span class='ocr_line' id='line_1_3' title="bbox 251 563 1123 633; baseline -0.008 -8"><span class='ocrx_word' id='word_1_13' title='bbox 251 567 413 633; x_wconf 79' lang='lat' dir='ltr'><strong>uniuersus,</strong></span> <span class='ocrx_word' id='word_1_14' title='bbox 425 572 455 622; x_wconf 85' lang='lat' dir='ltr'><strong>et</strong></span> <span class='ocrx_word' id='word_1_15' title='bbox 470 568 523 632; x_wconf 86' lang='lat' dir='ltr'><strong>sot,</strong></span> <span class='ocrx_word' id='word_1_16' title='bbox 544 569 574 620; x_wconf 88' lang='lat' dir='ltr'><strong>et</strong></span> <span class='ocrx_word' id='word_1_17' title='bbox 590 567 667 628; x_wconf 87' lang='lat' dir='ltr'><strong>iuna,</strong></span> <span class='ocrx_word' id='word_1_18' title='bbox 687 567 718 619; x_wconf 86' lang='lat' dir='ltr'><strong>et</strong></span> <span class='ocrx_word' id='word_1_19' title='bbox 737 563 839 618; x_wconf 82' lang='lat' dir='ltr'><strong>steitss</strong></span> <span class='ocrx_word' id='word_1_20' title='bbox 859 577 978 618; x_wconf 87' lang='lat' dir='ltr'><strong>sensum</strong></span> <span class='ocrx_word' id='word_1_21' title='bbox 992 579 1027 618; x_wconf 87' lang='lat' dir='ltr'><strong>an</strong></span> <span class='ocrx_word' id='word_1_22' title='bbox 1041 577 1123 618; x_wconf 86' lang='lat' dir='ltr'><strong>men·</strong></span> 
     </span>
     <span class='ocr_line' id='line_1_4' title="bbox 252 661 1125 734; baseline -0.007 -10"><span class='ocrx_word' id='word_1_23' title='bbox 252 671 313 724; x_wconf 86' lang='lat' dir='ltr'><strong>tem</strong></span> <span class='ocrx_word' id='word_1_24' title='bbox 336 666 486 730; x_wconf 88' lang='lat' dir='ltr'><strong>haberent,</strong></span> <span class='ocrx_word' id='word_1_25' title='bbox 510 665 542 734; x_wconf 80' lang='lat' dir='ltr'><strong>iu</strong></span> <span class='ocrx_word' id='word_1_26' title='bbox 569 662 648 719; x_wconf 84' lang='lat' dir='ltr'><strong>idem</strong></span> <span class='ocrx_word' id='word_1_27' title='bbox 676 665 788 734; x_wconf 84' lang='lat' dir='ltr'><strong>tempus</strong></span> <span class='ocrx_word' id='word_1_28' title='bbox 813 661 978 717; x_wconf 70' lang='lat' dir='ltr'>reservabo.</span> <span class='ocrx_word' id='word_1_29' title='bbox 1034 661 1062 718; x_wconf 76' lang='lat' dir='ltr'>A</span> <span class='ocrx_word' id='word_1_30' title='bbox 1092 666 1125 718; x_wconf 83' lang='lat' dir='ltr'><strong>te</strong></span> 
     </span>
     <span class='ocr_line' id='line_1_5' title="bbox 252 758 1121 833; baseline -0.009 -10"><span class='ocrx_word' id='word_1_31' title='bbox 252 771 350 823; x_wconf 79' lang='lat' dir='ltr'><strong>sutem</strong></span> <span class='ocrx_word' id='word_1_32' title='bbox 365 763 442 822; x_wconf 87' lang='lat' dir='ltr'><strong>idem</strong></span> <span class='ocrx_word' id='word_1_33' title='bbox 456 762 527 820; x_wconf 86' lang='lat' dir='ltr'><strong>iilud</strong></span> <span class='ocrx_word' id='word_1_34' title='bbox 552 760 642 818; x_wconf 87' lang='lat' dir='ltr'><strong>etiam</strong></span> <span class='ocrx_word' id='word_1_35' title='bbox 655 766 742 833; x_wconf 83' lang='lat' dir='ltr'><strong>atque</strong></span> <span class='ocrx_word' id='word_1_36' title='bbox 755 758 844 816; x_wconf 88' lang='lat' dir='ltr'><strong>etiam</strong></span> <span class='ocrx_word' id='word_1_37' title='bbox 859 773 1005 833; x_wconf 77' lang='lat' dir='ltr'><strong>quaeram,</strong></span> <span class='ocrx_word' id='word_1_38' title='bbox 1019 759 1121 833; x_wconf 89' lang='lat' dir='ltr'><strong>quibus</strong></span> 
     </span>
     <span class='ocr_line' id='line_1_6' title="bbox 101 857 1251 940; baseline -0.008 -17"><span class='ocrx_word' id='word_1_39' title='bbox 101 931 106 940; x_wconf 37' lang='lat'><strong><em>¹</em></strong></span> <span class='ocrx_word' id='word_1_40' title='bbox 223 862 412 922; x_wconf 67' lang='lat' dir='ltr'><strong>Orationibus</strong></span> <span class='ocrx_word' id='word_1_41' title='bbox 426 860 481 919; x_wconf 90' lang='lat' dir='ltr'><strong>tibi</strong></span> <span class='ocrx_word' id='word_1_42' title='bbox 494 861 673 934; x_wconf 82' lang='lat' dir='ltr'><strong>persuadeas,</strong></span> <span class='ocrx_word' id='word_1_43' title='bbox 694 861 765 916; x_wconf 85' lang='lat' dir='ltr'><strong>siens</strong></span> <span class='ocrx_word' id='word_1_44' title='bbox 784 875 857 914; x_wconf 88' lang='lat' dir='ltr'><strong>esse.</strong></span> <span class='ocrx_word' id='word_1_45' title='bbox 899 857 980 914; x_wconf 82' lang='lat' dir='ltr'><strong>Tum</strong></span> <span class='ocrx_word' id='word_1_46' title='bbox 1001 857 1122 924; x_wconf 84' lang='lat' dir='ltr'><strong>Balbus,</strong></span> <span class='ocrx_word' id='word_1_47' title='bbox 1185 903 1190 910; x_wconf 92' lang='lat'><strong>.</strong></span> <span class='ocrx_word' id='word_1_48' title='bbox 1250 871 1251 914; x_wconf 54' lang='lat' dir='ltr'><strong>t</strong></span> 
     </span>
     <span class='ocr_line' id='line_1_7' title="bbox 252 957 1122 1036; baseline -0.008 -18"><span class='ocrx_word' id='word_1_49' title='bbox 252 960 398 1036; x_wconf 80' lang='lat' dir='ltr'><strong>Equidem</strong></span> <span class='ocrx_word' id='word_1_50' title='bbox 418 959 547 1016; x_wconf 79' lang='lat' dir='ltr'><strong>attulisse</strong></span> <span class='ocrx_word' id='word_1_51' title='bbox 567 959 694 1014; x_wconf 85' lang='lat' dir='ltr'><strong>rationes</strong></span> <span class='ocrx_word' id='word_1_52' title='bbox 714 957 786 1014; x_wconf 82' lang='lat' dir='ltr'><strong>mibi</strong></span> <span class='ocrx_word' id='word_1_53' title='bbox 810 957 928 1013; x_wconf 86' lang='lat' dir='ltr'><strong>videor:</strong></span> <span class='ocrx_word' id='word_1_54' title='bbox 959 957 1012 1011; x_wconf 87' lang='lat' dir='ltr'><strong>sed</strong></span> <span class='ocrx_word' id='word_1_55' title='bbox 1026 973 1077 1012; x_wconf 87' lang='lat' dir='ltr'><strong>eus</strong></span> <span class='ocrx_word' id='word_1_56' title='bbox 1091 961 1122 1012; x_wconf 89' lang='lat' dir='ltr'><strong>tu</strong></span> 
     </span>
     <span class='ocr_line' id='line_1_8' title="bbox 252 1053 1122 1130; baseline -0.008 -13"><span class='ocrx_word' id='word_1_57' title='bbox 252 1059 296 1118; x_wconf 87' lang='lat' dir='ltr'><strong>its</strong></span> <span class='ocrx_word' id='word_1_58' title='bbox 317 1059 435 1124; x_wconf 77' lang='lat' dir='ltr'><strong>reicitis,</strong></span> <span class='ocrx_word' id='word_1_59' title='bbox 457 1069 498 1123; x_wconf 93' lang='lat' dir='ltr'><strong>ut,</strong></span> <span class='ocrx_word' id='word_1_60' title='bbox 510 1075 576 1115; x_wconf 86' lang='lat' dir='ltr'><strong>eum</strong></span> <span class='ocrx_word' id='word_1_61' title='bbox 596 1075 643 1114; x_wconf 89' lang='lat' dir='ltr'><strong>me</strong></span> <span class='ocrx_word' id='word_1_62' title='bbox 663 1057 888 1130; x_wconf 65' lang='lat' dir='ltr'><strong>interrogaturus</strong></span> <span class='ocrx_word' id='word_1_63' title='bbox 907 1071 972 1110; x_wconf 87' lang='lat' dir='ltr'><strong>esse</strong></span> <span class='ocrx_word' id='word_1_64' title='bbox 992 1053 1122 1122; x_wconf 85' lang='lat' dir='ltr'><strong>videare,</strong></span> 
     </span>
     <span class='ocr_line' id='line_1_9' title="bbox 253 1152 1122 1230; baseline -0.005 -16"><span class='ocrx_word' id='word_1_65' title='bbox 253 1163 284 1214; x_wconf 85' lang='lat' dir='ltr'><strong>et</strong></span> <span class='ocrx_word' id='word_1_66' title='bbox 310 1173 367 1230; x_wconf 79' lang='lat' dir='ltr'><strong>ego</strong></span> <span class='ocrx_word' id='word_1_67' title='bbox 390 1175 437 1216; x_wconf 89' lang='lat' dir='ltr'><strong>rne</strong></span> <span class='ocrx_word' id='word_1_68' title='bbox 457 1159 494 1214; x_wconf 85' lang='lat' dir='ltr'><strong>ad</strong></span> <span class='ocrx_word' id='word_1_69' title='bbox 522 1157 752 1229; x_wconf 84' lang='lat' dir='ltr'><strong>respondendum</strong></span> <span class='ocrx_word' id='word_1_70' title='bbox 778 1152 979 1226; x_wconf 71' lang='lat' dir='ltr'><strong>compararim,</strong></span> <span class='ocrx_word' id='word_1_71' title='bbox 993 1158 1122 1226; x_wconf 82' lang='lat' dir='ltr'><strong>repente</strong></span> 
     </span>
     <span class='ocr_line' id='line_1_10' title="bbox 252 1239 1124 1326; baseline -0.005 -14"><span class='ocrx_word' id='word_1_72' title='bbox 252 1261 368 1312; x_wconf 77' lang='lat' dir='ltr'><strong>aversas</strong></span> <span class='ocrx_word' id='word_1_73' title='bbox 382 1257 554 1322; x_wconf 87' lang='lat' dir='ltr'><strong>orationem,</strong></span> <span class='ocrx_word' id='word_1_74' title='bbox 568 1273 624 1312; x_wconf 84' lang='lat' dir='ltr'><strong>nee</strong></span> <span class='ocrx_word' id='word_1_75' title='bbox 637 1257 689 1312; x_wconf 86' lang='lat' dir='ltr'><strong>des</strong></span> <span class='ocrx_word' id='word_1_76' title='bbox 713 1252 908 1326; x_wconf 80' lang='lat' dir='ltr'><strong>respondendi</strong></span> <span class='ocrx_word' id='word_1_77' title='bbox 921 1255 1033 1309; x_wconf 56' lang='lat' dir='ltr'><strong>ineunt,</strong></span> <span class='ocrx_word' id='word_1_78' title='bbox 1063 1239 1124 1309; x_wconf 85' lang='lat' dir='ltr'><strong>lta·</strong></span> 
     </span>
     <span class='ocr_line' id='line_1_11' title="bbox 253 1349 1121 1428; baseline -0.005 -18"><span class='ocrx_word' id='word_1_79' title='bbox 253 1370 308 1428; x_wconf 88' lang='lat' dir='ltr'><strong>que</strong></span> <span class='ocrx_word' id='word_1_80' title='bbox 332 1354 479 1411; x_wconf 78' lang='lat' dir='ltr'><strong>maximae</strong></span> <span class='ocrx_word' id='word_1_81' title='bbox 500 1371 550 1410; x_wconf 86' lang='lat' dir='ltr'><strong>res</strong></span> <span class='ocrx_word' id='word_1_82' title='bbox 567 1355 677 1412; x_wconf 75' lang='lat' dir='ltr'><strong>tacitae</strong></span> <span class='ocrx_word' id='word_1_83' title='bbox 697 1352 917 1426; x_wconf 84' lang='lat' dir='ltr'><strong>praeterierunt,</strong></span> <span class='ocrx_word' id='word_1_84' title='bbox 940 1351 988 1407; x_wconf 87' lang='lat' dir='ltr'><strong>de·</strong></span> <span class='ocrx_word' id='word_1_85' title='bbox 1003 1349 1121 1406; x_wconf 86' lang='lat' dir='ltr'><strong>diviua·</strong></span> 
     </span>
     <span class='ocr_line' id='line_1_12' title="bbox 252 1448 1121 1528; baseline -0.001 -19"><span class='ocrx_word' id='word_1_86' title='bbox 252 1451 343 1521; x_wconf 76' lang='lat' dir='ltr'><strong>boue,</strong></span> <span class='ocrx_word' id='word_1_87' title='bbox 365 1453 403 1509; x_wconf 88' lang='lat' dir='ltr'><strong>de</strong></span> <span class='ocrx_word' id='word_1_88' title='bbox 421 1452 498 1510; x_wconf 83' lang='lat' dir='ltr'><strong>into:</strong></span> <span class='ocrx_word' id='word_1_89' title='bbox 517 1451 621 1528; x_wconf 87' lang='lat' dir='ltr'><strong>quibus</strong></span> <span class='ocrx_word' id='word_1_90' title='bbox 644 1453 681 1508; x_wconf 88' lang='lat' dir='ltr'><strong>de</strong></span> <span class='ocrx_word' id='word_1_91' title='bbox 707 1450 925 1526; x_wconf 72' lang='lat' dir='ltr'><strong>quaestiouibus</strong></span> <span class='ocrx_word' id='word_1_92' title='bbox 947 1457 978 1507; x_wconf 89' lang='lat' dir='ltr'><strong>tu</strong></span> <span class='ocrx_word' id='word_1_93' title='bbox 1002 1448 1121 1522; x_wconf 80' lang='lat' dir='ltr'><strong>quidem</strong></span> 
     </span>
     <span class='ocr_line' id='line_1_13' title="bbox 252 1545 1122 1619; baseline -0.002 -11"><span class='ocrx_word' id='word_1_94' title='bbox 252 1550 388 1619; x_wconf 73' lang='lat' dir='ltr'><strong>strictim,</strong></span> <span class='ocrx_word' id='word_1_95' title='bbox 401 1551 491 1608; x_wconf 85' lang='lat' dir='ltr'><strong>nostri</strong></span> <span class='ocrx_word' id='word_1_96' title='bbox 510 1557 607 1608; x_wconf 87' lang='lat' dir='ltr'><strong>autem</strong></span> <span class='ocrx_word' id='word_1_97' title='bbox 627 1552 717 1608; x_wconf 86' lang='lat' dir='ltr'><strong>muita</strong></span> <span class='ocrx_word' id='word_1_98' title='bbox 736 1552 832 1608; x_wconf 85' lang='lat' dir='ltr'><strong>soient</strong></span> <span class='ocrx_word' id='word_1_99' title='bbox 854 1549 969 1618; x_wconf 69' lang='lat' dir='ltr'><strong>diceret</strong></span> <span class='ocrx_word' id='word_1_100' title='bbox 988 1545 1070 1604; x_wconf 71' lang='lat' dir='ltr'><strong>”sea</strong></span> <span class='ocrx_word' id='word_1_101' title='bbox 1084 1549 1122 1606; x_wconf 82' lang='lat' dir='ltr'><strong>ab</strong></span> 
     </span>
     <span class='ocr_line' id='line_1_14' title="bbox 252 1649 1251 1725; baseline -0.004 -18"><span class='ocrx_word' id='word_1_102' title='bbox 252 1649 311 1707; x_wconf 82' lang='lat' dir='ltr'><strong>huo</strong></span> <span class='ocrx_word' id='word_1_103' title='bbox 323 1651 501 1724; x_wconf 74' lang='lat' dir='ltr'><strong>quaestione,</strong></span> <span class='ocrx_word' id='word_1_104' title='bbox 515 1667 588 1725; x_wconf 86' lang='lat' dir='ltr'><strong>quae</strong></span> <span class='ocrx_word' id='word_1_105' title='bbox 603 1667 680 1708; x_wconf 83' lang='lat' dir='ltr'><strong>nuno</strong></span> <span class='ocrx_word' id='word_1_106' title='bbox 695 1649 725 1706; x_wconf 88' lang='lat' dir='ltr'><strong>in</strong></span> <span class='ocrx_word' id='word_1_107' title='bbox 736 1649 869 1714; x_wconf 88' lang='lat' dir='ltr'><strong>manibus</strong></span> <span class='ocrx_word' id='word_1_108' title='bbox 878 1654 932 1714; x_wconf 85' lang='lat' dir='ltr'><strong>est,</strong></span> <span class='ocrx_word' id='word_1_109' title='bbox 942 1653 1120 1720; x_wconf 83' lang='lat' dir='ltr'><strong>separantur.</strong></span> <span class='ocrx_word' id='word_1_110' title='bbox 1172 1677 1176 1684; x_wconf 78' lang='lat'><strong>,</strong></span> <span class='ocrx_word' id='word_1_111' title='bbox 1250 1657 1251 1668; x_wconf 63' lang='lat'>¹</span> 
     </span>
     <span class='ocr_line' id='line_1_15' title="bbox 253 1729 1251 1822; baseline -0.002 -17"><span class='ocrx_word' id='word_1_112' title='bbox 253 1747 363 1820; x_wconf 75' lang='lat' dir='ltr'><strong>Quare,</strong></span> <span class='ocrx_word' id='word_1_113' title='bbox 375 1749 401 1807; x_wconf 93' lang='lat' dir='ltr'><strong>si</strong></span> <span class='ocrx_word' id='word_1_114' title='bbox 415 1749 539 1816; x_wconf 85' lang='lat' dir='ltr'><strong>uidetur,</strong></span> <span class='ocrx_word' id='word_1_115' title='bbox 553 1749 613 1806; x_wconf 87' lang='lat' dir='ltr'><strong>noti</strong></span> <span class='ocrx_word' id='word_1_116' title='bbox 633 1765 719 1822; x_wconf 85' lang='lat' dir='ltr'><strong>agere</strong></span> <span class='ocrx_word' id='word_1_117' title='bbox 738 1747 874 1804; x_wconf 80' lang='lat' dir='ltr'><strong>eoniuse:</strong></span> <span class='ocrx_word' id='word_1_118' title='bbox 895 1753 927 1804; x_wconf 91' lang='lat' dir='ltr'><strong>ut</strong></span> <span class='ocrx_word' id='word_1_119' title='bbox 949 1747 1006 1804; x_wconf 86' lang='lat' dir='ltr'><strong>hoo</strong></span> <span class='ocrx_word' id='word_1_120' title='bbox 1018 1744 1121 1821; x_wconf 77' lang='lat' dir='ltr'><strong>expli·</strong></span> <span class='ocrx_word' id='word_1_121' title='bbox 1250 1729 1251 1747; x_wconf 50' lang='lat'>¹</span> 
     </span>
     <span class='ocr_line' id='line_1_16' title="bbox 252 1845 900 1921; baseline -0.008 -15"><span class='ocrx_word' id='word_1_122' title='bbox 252 1861 353 1906; x_wconf 75' lang='lat' dir='ltr'><strong>nemus</strong></span> <span class='ocrx_word' id='word_1_123' title='bbox 367 1848 423 1906; x_wconf 85' lang='lat' dir='ltr'><strong>isso</strong></span> <span class='ocrx_word' id='word_1_124' title='bbox 435 1847 642 1921; x_wconf 88' lang='lat' dir='ltr'><strong>disputatione,</strong></span> <span class='ocrx_word' id='word_1_125' title='bbox 654 1849 730 1921; x_wconf 87' lang='lat' dir='ltr'><strong>quod</strong></span> <span class='ocrx_word' id='word_1_126' title='bbox 743 1845 900 1921; x_wconf 88' lang='lat' dir='ltr'><strong>quaeritur.</strong></span> 
     </span>
     <span class='ocr_line' id='line_1_17' title="bbox 292 1943 1119 2021; baseline -0.001 -20"><span class='ocrx_word' id='word_1_127' title='bbox 292 1944 421 2016; x_wconf 82' lang='lat' dir='ltr'><strong>Optime,</strong></span> <span class='ocrx_word' id='word_1_128' title='bbox 446 1946 541 2021; x_wconf 89' lang='lat' dir='ltr'><strong>inquit</strong></span> <span class='ocrx_word' id='word_1_129' title='bbox 565 1947 662 2004; x_wconf 77' lang='lat' dir='ltr'><strong>Cotta.</strong></span> <span class='ocrx_word' id='word_1_130' title='bbox 703 1946 805 2020; x_wconf 87' lang='lat' dir='ltr'><strong>ltaque</strong></span> <span class='ocrx_word' id='word_1_131' title='bbox 827 1943 965 2019; x_wconf 84' lang='lat' dir='ltr'><strong>quoniam</strong></span> <span class='ocrx_word' id='word_1_132' title='bbox 987 1948 1119 2018; x_wconf 83' lang='lat' dir='ltr'><strong>quattuor</strong></span> 
     </span>
     <span class='ocr_line' id='line_1_18' title="bbox 136 2039 1120 2120; baseline 0 -20"><span class='ocrx_word' id='word_1_133' title='bbox 136 2087 138 2090; x_wconf 23' lang='lat' dir='ltr'><strong>a</strong></span> <span class='ocrx_word' id='word_1_134' title='bbox 251 2039 284 2100; x_wconf 84' lang='lat' dir='ltr'><strong>in</strong></span> <span class='ocrx_word' id='word_1_135' title='bbox 305 2047 403 2113; x_wconf 83' lang='lat' dir='ltr'><strong>partes</strong></span> <span class='ocrx_word' id='word_1_136' title='bbox 420 2047 512 2098; x_wconf 82' lang='lat' dir='ltr'><strong>totana</strong></span> <span class='ocrx_word' id='word_1_137' title='bbox 532 2045 731 2116; x_wconf 86' lang='lat' dir='ltr'><strong>quaestionem</strong></span> <span class='ocrx_word' id='word_1_138' title='bbox 754 2043 893 2111; x_wconf 80' lang='lat' dir='ltr'><strong>divisisti,</strong></span> <span class='ocrx_word' id='word_1_139' title='bbox 916 2045 954 2100; x_wconf 87' lang='lat' dir='ltr'><strong>de</strong></span> <span class='ocrx_word' id='word_1_140' title='bbox 972 2044 1120 2120; x_wconf 83' lang='lat' dir='ltr'><strong>primaque</strong></span> 
     </span>
     <span class='ocr_line' id='line_1_19' title="bbox 252 2139 1210 2210; baseline 0.002 -13"><span class='ocrx_word' id='word_1_141' title='bbox 252 2139 396 2210; x_wconf 59' lang='lat' dir='ltr'><strong>diximum</strong></span> <span class='ocrx_word' id='word_1_142' title='bbox 417 2140 634 2198; x_wconf 73' lang='lat' dir='ltr'><strong>consideremus</strong></span> <span class='ocrx_word' id='word_1_143' title='bbox 658 2143 828 2200; x_wconf 81' lang='lat' dir='ltr'><strong>seeundum.</strong></span> <span class='ocrx_word' id='word_1_144' title='bbox 856 2161 929 2208; x_wconf 85' lang='lat' dir='ltr'><strong>quae</strong></span> <span class='ocrx_word' id='word_1_145' title='bbox 953 2143 1029 2200; x_wconf 83' lang='lat' dir='ltr'><strong>mihi</strong></span> <span class='ocrx_word' id='word_1_146' title='bbox 1053 2141 1120 2200; x_wconf 87' lang='lat' dir='ltr'><strong>talis</strong></span> <span class='ocrx_word' id='word_1_147' title='bbox 1203 2146 1210 2160; x_wconf 83' lang='lat'>&#39;</span> 
     </span>
     <span class='ocr_line' id='line_1_20' title="bbox 252 2237 1120 2316; baseline 0.001 -19"><span class='ocrx_word' id='word_1_148' title='bbox 252 2237 368 2298; x_wconf 83' lang='lat' dir='ltr'><strong>videtur</strong></span> <span class='ocrx_word' id='word_1_149' title='bbox 389 2237 487 2306; x_wconf 78' lang='lat' dir='ltr'><strong>fuisse,</strong></span> <span class='ocrx_word' id='word_1_150' title='bbox 500 2243 541 2305; x_wconf 88' lang='lat' dir='ltr'><strong>ut,</strong></span> <span class='ocrx_word' id='word_1_151' title='bbox 562 2255 629 2296; x_wconf 87' lang='lat' dir='ltr'><strong>num</strong></span> <span class='ocrx_word' id='word_1_152' title='bbox 654 2243 809 2298; x_wconf 82' lang='lat' dir='ltr'><strong>ostendere</strong></span> <span class='ocrx_word' id='word_1_153' title='bbox 833 2245 934 2309; x_wconf 77' lang='lat' dir='ltr'><strong>seties,</strong></span> <span class='ocrx_word' id='word_1_154' title='bbox 958 2243 1057 2316; x_wconf 84' lang='lat' dir='ltr'><strong>quates</strong></span> <span class='ocrx_word' id='word_1_155' title='bbox 1078 2241 1120 2298; x_wconf 92' lang='lat' dir='ltr'><strong>dii</strong></span> 
     </span>
     <span class='ocr_line' id='line_1_21' title="bbox 251 2339 1120 2404; baseline 0.005 -10"><span class='ocrx_word' id='word_1_156' title='bbox 251 2342 359 2404; x_wconf 72' lang='lat' dir='ltr'><strong>ment,</strong></span> <span class='ocrx_word' id='word_1_157' title='bbox 371 2339 541 2396; x_wconf 86' lang='lat' dir='ltr'><strong>ostenderes</strong></span> <span class='ocrx_word' id='word_1_158' title='bbox 564 2341 752 2398; x_wconf 87' lang='lat' dir='ltr'><strong>nullos-esse.</strong></span> <span class='ocrx_word' id='word_1_159' title='bbox 771 2356 790 2396; x_wconf 89' lang='lat' dir='ltr'><strong>a</strong></span> <span class='ocrx_word' id='word_1_160' title='bbox 809 2341 1019 2398; x_wconf 79' lang='lat' dir='ltr'><strong>consuetudine</strong></span> <span class='ocrx_word' id='word_1_161' title='bbox 1040 2343 1120 2398; x_wconf 86' lang='lat' dir='ltr'><strong>euim</strong></span> 
     </span>
     <span class='ocr_line' id='line_1_22' title="bbox 251 2437 1121 2498; baseline 0.002 -4"><span class='ocrx_word' id='word_1_162' title='bbox 251 2437 401 2494; x_wconf 83' lang='lat' dir='ltr'><strong>uentorum</strong></span> <span class='ocrx_word' id='word_1_163' title='bbox 428 2437 558 2496; x_wconf 88' lang='lat' dir='ltr'><strong>animum</strong></span> <span class='ocrx_word' id='word_1_164' title='bbox 583 2440 729 2496; x_wconf 81' lang='lat' dir='ltr'><strong>ebducere</strong></span> <span class='ocrx_word' id='word_1_165' title='bbox 754 2439 958 2498; x_wconf 79' lang='lat' dir='ltr'><strong>difficillimum</strong></span> <span class='ocrx_word' id='word_1_166' title='bbox 980 2439 1121 2497; x_wconf 76' lang='lat' dir='ltr'><strong>dicebas:</strong></span> 
     </span>
     <span class='ocr_line' id='line_1_23' title="bbox 251 2535 1120 2609; baseline 0.002 -15"><span class='ocrx_word' id='word_1_167' title='bbox 251 2535 314 2603; x_wconf 85' lang='lat' dir='ltr'><strong>sed,</strong></span> <span class='ocrx_word' id='word_1_168' title='bbox 326 2551 394 2594; x_wconf 84' lang='lat' dir='ltr'><strong>eum</strong></span> <span class='ocrx_word' id='word_1_169' title='bbox 406 2536 464 2592; x_wconf 86' lang='lat' dir='ltr'><strong>den</strong></span> <span class='ocrx_word' id='word_1_170' title='bbox 477 2536 551 2594; x_wconf 88' lang='lat' dir='ltr'><strong>nihii</strong></span> <span class='ocrx_word' id='word_1_171' title='bbox 565 2537 756 2609; x_wconf 73' lang='lat' dir='ltr'><strong>praestantius</strong></span> <span class='ocrx_word' id='word_1_172' title='bbox 777 2544 863 2605; x_wconf 89' lang='lat' dir='ltr'><strong>esset,</strong></span> <span class='ocrx_word' id='word_1_173' title='bbox 878 2555 938 2596; x_wconf 89' lang='lat' dir='ltr'><strong>non</strong></span> <span class='ocrx_word' id='word_1_174' title='bbox 957 2538 1120 2606; x_wconf 74' lang='lat' dir='ltr'><strong>dubitabas,</strong></span> 
     </span>
     <span class='ocr_line' id='line_1_24' title="bbox 137 2633 1119 2711; baseline 0.001 -18"><span class='ocrx_word' id='word_1_175' title='bbox 137 2693 147 2709; x_wconf 63' lang='grc'>,</span> <span class='ocrx_word' id='word_1_176' title='bbox 251 2635 322 2711; x_wconf 89' lang='lat' dir='ltr'><strong>quin</strong></span> <span class='ocrx_word' id='word_1_177' title='bbox 335 2635 459 2694; x_wconf 88' lang='lat' dir='ltr'><strong>mundus</strong></span> <span class='ocrx_word' id='word_1_178' title='bbox 471 2639 550 2692; x_wconf 87' lang='lat' dir='ltr'><strong>esset</strong></span> <span class='ocrx_word' id='word_1_179' title='bbox 561 2635 641 2703; x_wconf 85' lang='lat' dir='ltr'><strong>deus,</strong></span> <span class='ocrx_word' id='word_1_180' title='bbox 654 2633 674 2668; x_wconf 78' lang='lat'><strong>²¹</strong></span> <span class='ocrx_word' id='word_1_181' title='bbox 684 2637 761 2710; x_wconf 88' lang='lat' dir='ltr'><strong>quod</strong></span> <span class='ocrx_word' id='word_1_182' title='bbox 774 2635 848 2694; x_wconf 87' lang='lat' dir='ltr'><strong>nihii</strong></span> <span class='ocrx_word' id='word_1_183' title='bbox 861 2636 893 2696; x_wconf 92' lang='lat' dir='ltr'><strong>iu</strong></span> <span class='ocrx_word' id='word_1_184' title='bbox 907 2655 1002 2696; x_wconf 83' lang='lat' dir='ltr'><strong>rerum</strong></span> <span class='ocrx_word' id='word_1_185' title='bbox 1016 2642 1119 2696; x_wconf 79' lang='lat' dir='ltr'><strong>nature</strong></span> 
     </span>
    </p>
   </div>
   <div class='ocr_carea' id='block_1_3' title="bbox 245 2806 1119 3361">
    <p class='ocr_par' dir='ltr' id='par_1_3' title="bbox 248 2806 1119 3089">
     <span class='ocr_line' id='line_1_25' title="bbox 249 2806 1119 2872; baseline 0.006 -18"><span class='ocrx_word' id='word_1_186' title='bbox 249 2808 383 2868; x_wconf 68' lang='lat' dir='ltr'><strong>peratore,</strong></span> <span class='ocrx_word' id='word_1_187' title='bbox 393 2807 431 2870; x_wconf 86' lang='lat' dir='ltr'><strong>qui</strong></span> <span class='ocrx_word' id='word_1_188' title='bbox 441 2806 463 2853; x_wconf 89' lang='lat' dir='ltr'><strong>iu</strong></span> <span class='ocrx_word' id='word_1_189' title='bbox 478 2806 529 2854; x_wconf 83' lang='lat' dir='ltr'><strong>aliis</strong></span> <span class='ocrx_word' id='word_1_190' title='bbox 544 2807 607 2854; x_wconf 85' lang='lat' dir='ltr'><strong>libris</strong></span> <span class='ocrx_word' id='word_1_191' title='bbox 625 2806 741 2858; x_wconf 81' lang='lat' dir='ltr'><strong>Ciceronis</strong></span> <span class='ocrx_word' id='word_1_192' title='bbox 756 2809 804 2857; x_wconf 87' lang='lat' dir='ltr'><strong>dias</strong></span> <span class='ocrx_word' id='word_1_193' title='bbox 818 2809 919 2856; x_wconf 83' lang='lat' dir='ltr'><strong>diversos</strong></span> <span class='ocrx_word' id='word_1_194' title='bbox 938 2808 1119 2872; x_wconf 66' lang='lat' dir='ltr'><strong>disputationum</strong></span> 
     </span>
     <span class='ocr_line' id='line_1_26' title="bbox 249 2865 1117 2930; baseline 0.006 -19"><span class='ocrx_word' id='word_1_195' title='bbox 249 2867 390 2922; x_wconf 77' lang='lat' dir='ltr'><strong>meminerat,</strong></span> <span class='ocrx_word' id='word_1_196' title='bbox 439 2865 545 2927; x_wconf 78' lang='lat' dir='ltr'><strong>tabesque</strong></span> <span class='ocrx_word' id='word_1_197' title='bbox 555 2867 669 2913; x_wconf 81' lang='lat' dir='ltr'><strong>bannense</strong></span> <span class='ocrx_word' id='word_1_198' title='bbox 684 2868 777 2915; x_wconf 85' lang='lat' dir='ltr'><strong>tertiam</strong></span> <span class='ocrx_word' id='word_1_199' title='bbox 793 2867 855 2914; x_wconf 88' lang='lat' dir='ltr'><strong>tertii</strong></span> <span class='ocrx_word' id='word_1_200' title='bbox 869 2869 915 2914; x_wconf 90' lang='lat' dir='ltr'><strong>diei</strong></span> <span class='ocrx_word' id='word_1_201' title='bbox 934 2869 1117 2930; x_wconf 85' lang='lat' dir='ltr'><strong>disputationem.</strong></span> 
     </span>
     <span class='ocr_line' id='line_1_27' title="bbox 249 2879 1119 2998; baseline 0.005 -26"><span class='ocrx_word' id='word_1_202' title='bbox 249 2929 327 2994; x_wconf 69' lang='lat' dir='ltr'><strong>Atque</strong></span> <span class='ocrx_word' id='word_1_203' title='bbox 337 2940 351 2970; x_wconf 85' lang='lat' dir='ltr'><strong>a</strong></span> <span class='ocrx_word' id='word_1_204' title='bbox 357 2879 437 2994; x_wconf 49' lang='lat' dir='ltr'><strong>pimiff</strong></span> <span class='ocrx_word' id='word_1_205' title='bbox 445 2939 511 2972; x_wconf 80' lang='lat' dir='ltr'><strong>eausa</strong></span> <span class='ocrx_word' id='word_1_206' title='bbox 520 2931 598 2972; x_wconf 82' lang='lat' dir='ltr'><strong>netum</strong></span> <span class='ocrx_word' id='word_1_207' title='bbox 611 2940 659 2972; x_wconf 85' lang='lat' dir='ltr'><strong>esse</strong></span> <span class='ocrx_word' id='word_1_208' title='bbox 676 2932 739 2987; x_wconf 88' lang='lat' dir='ltr'><strong>puto,</strong></span> <span class='ocrx_word' id='word_1_209' title='bbox 754 2929 814 2988; x_wconf 87' lang='lat' dir='ltr'><strong>quod</strong></span> <span class='ocrx_word' id='word_1_210' title='bbox 829 2942 883 2974; x_wconf 75' lang='lat' dir='ltr'><strong>rnna</strong></span> <span class='ocrx_word' id='word_1_211' title='bbox 891 2928 992 2998; x_wconf 69' lang='lat' dir='ltr'><strong>sequitur</strong></span> <span class='ocrx_word' id='word_1_212' title='bbox 1006 2931 1056 2976; x_wconf 82' lang='lat' dir='ltr'><strong>dms</strong></span> <span class='ocrx_word' id='word_1_213' title='bbox 1065 2943 1119 2984; x_wconf 81' lang='lat' dir='ltr'><strong>eras,</strong></span> 
     </span>
     <span class='ocr_line' id='line_1_28' title="bbox 249 2983 1119 3088; baseline 0.007 -60"><span class='ocrx_word' id='word_1_214' title='bbox 249 2983 347 3088; x_wconf 60' lang='lat' dir='ltr'><strong>ih‘ifflifl</strong></span> <span class='ocrx_word' id='word_1_215' title='bbox 356 2983 413 3030; x_wconf 81' lang='lat' dir='ltr'><strong>allud</strong></span> <span class='ocrx_word' id='word_1_216' title='bbox 429 2983 460 3030; x_wconf 88' lang='lat' dir='ltr'><strong>ab</strong></span> <span class='ocrx_word' id='word_1_217' title='bbox 475 2984 517 3030; x_wconf 84' lang='lat' dir='ltr'><strong>hos</strong></span> <span class='ocrx_word' id='word_1_218' title='bbox 529 2984 584 3050; x_wconf 84' lang='lat' dir='ltr'><strong>¹loco</strong></span> <span class='ocrx_word' id='word_1_219' title='bbox 599 2991 623 3032; x_wconf 86' lang='lat' dir='ltr'><strong>et</strong></span> <span class='ocrx_word' id='word_1_220' title='bbox 638 2984 764 3033; x_wconf 87' lang='lat' dir='ltr'><strong>delendum.</strong></span> <span class='ocrx_word' id='word_1_221' title='bbox 782 3001 833 3032; x_wconf 81' lang='lat' dir='ltr'><strong>cunr</strong></span> <span class='ocrx_word' id='word_1_222' title='bbox 851 2986 944 3034; x_wconf 85' lang='lat' dir='ltr'><strong>Darsuo</strong></span> <span class='ocrx_word' id='word_1_223' title='bbox 960 2989 1045 3054; x_wconf 72' lang='lat' dir='ltr'><strong>saitem⁸</strong></span> <span class='ocrx_word' id='word_1_224' title='bbox 1058 2988 1119 3034; x_wconf 74' lang='lat' dir='ltr'><strong>onds</strong></span> 
     </span>
     <span class='ocr_line' id='line_1_29' title="bbox 248 3055 336 3089; baseline -0.011 -1"><span class='ocrx_word' id='word_1_225' title='bbox 248 3055 285 3089; x_wconf 83' lang='lat' dir='ltr'><strong>rna</strong></span> <span class='ocrx_word' id='word_1_226' title='bbox 296 3055 336 3088; x_wconf 81' lang='lat' dir='ltr'><strong>uss.</strong></span> 
     </span>
    </p>

    <p class='ocr_par' dir='ltr' id='par_1_4' title="bbox 245 3121 1117 3361">
     <span class='ocr_line' id='line_1_30' title="bbox 277 3121 1116 3184; baseline 0.002 -15"><span class='ocrx_word' id='word_1_227' title='bbox 277 3121 301 3155; x_wconf 75' lang='lat'><strong>²⁰</strong></span> <span class='ocrx_word' id='word_1_228' title='bbox 315 3121 388 3170; x_wconf 79' lang='lat' dir='ltr'><strong>asdod</strong></span> <span class='ocrx_word' id='word_1_229' title='bbox 402 3123 444 3168; x_wconf 72' lang='lat' dir='ltr'><strong>ine</strong></span> <span class='ocrx_word' id='word_1_230' title='bbox 460 3122 601 3184; x_wconf 68' lang='lat' dir='ltr'><strong>quaedum]</strong></span> <span class='ocrx_word' id='word_1_231' title='bbox 633 3123 739 3170; x_wconf 85' lang='lat' dir='ltr'><strong>Davisius</strong></span> <span class='ocrx_word' id='word_1_232' title='bbox 755 3123 834 3171; x_wconf 86' lang='lat' dir='ltr'><strong>eMss.</strong></span> <span class='ocrx_word' id='word_1_233' title='bbox 850 3131 875 3170; x_wconf 87' lang='lat' dir='ltr'><strong>et</strong></span> <span class='ocrx_word' id='word_1_234' title='bbox 891 3125 926 3172; x_wconf 80' lang='lat' dir='ltr'><strong>ed.</strong></span> <span class='ocrx_word' id='word_1_235' title='bbox 946 3124 1032 3172; x_wconf 82' lang='lat' dir='ltr'><strong>Bonon</strong></span> <span class='ocrx_word' id='word_1_236' title='bbox 1054 3127 1116 3178; x_wconf 70' lang='lat' dir='ltr'><strong>itti.</strong></span> 
     </span>
     <span class='ocr_line' id='line_1_31' title="bbox 248 3181 1115 3240; baseline 0.001 -11"><span class='ocrx_word' id='word_1_237' title='bbox 248 3181 386 3230; x_wconf 80' lang='lat' dir='ltr'><strong>addiditsu:</strong></span> <span class='ocrx_word' id='word_1_238' title='bbox 402 3182 430 3228; x_wconf 69' lang='grc' dir='ltr'><strong>αὑ</strong></span> <span class='ocrx_word' id='word_1_239' title='bbox 445 3182 486 3227; x_wconf 76' lang='lat' dir='ltr'><strong>true</strong></span> <span class='ocrx_word' id='word_1_240' title='bbox 495 3195 519 3227; x_wconf 86' lang='lat' dir='ltr'><strong>su</strong></span> <span class='ocrx_word' id='word_1_241' title='bbox 528 3181 666 3240; x_wconf 64' lang='lat' dir='ltr'><strong>quambene.-</strong></span> <span class='ocrx_word' id='word_1_242' title='bbox 680 3183 712 3230; x_wconf 86' lang='lat' dir='ltr'><strong>sie</strong></span> <span class='ocrx_word' id='word_1_243' title='bbox 721 3188 745 3229; x_wconf 84' lang='lat' dir='ltr'><strong>et</strong></span> <span class='ocrx_word' id='word_1_244' title='bbox 760 3183 955 3235; x_wconf 70' lang='lat' dir='ltr'><strong>Maduateni.</strong></span> <span class='ocrx_word' id='word_1_245' title='bbox 974 3184 1032 3232; x_wconf 88' lang='lat' dir='ltr'><strong>Ven.</strong></span> <span class='ocrx_word' id='word_1_246' title='bbox 1054 3187 1115 3230; x_wconf 78' lang='grc'><strong>1494.</strong></span> 
     </span>
     <span class='ocr_line' id='line_1_32' title="bbox 247 3241 1117 3306; baseline 0.002 -20"><span class='ocrx_word' id='word_1_247' title='bbox 247 3242 347 3302; x_wconf 81' lang='lat' dir='ltr'><strong>pertinet</strong></span> <span class='ocrx_word' id='word_1_248' title='bbox 356 3256 386 3287; x_wconf 87' lang='lat' dir='ltr'><strong>se.</strong></span> <span class='ocrx_word' id='word_1_249' title='bbox 398 3255 423 3288; x_wconf 85' lang='lat' dir='ltr'><strong>sn</strong></span> <span class='ocrx_word' id='word_1_250' title='bbox 433 3242 463 3287; x_wconf 87' lang='lat' dir='ltr'><strong>ad</strong></span> <span class='ocrx_word' id='word_1_251' title='bbox 472 3241 550 3296; x_wconf 72' lang='lat' dir='ltr'><strong>mnus,</strong></span> <span class='ocrx_word' id='word_1_252' title='bbox 560 3255 618 3301; x_wconf 87' lang='lat' dir='ltr'><strong>quae</strong></span> <span class='ocrx_word' id='word_1_253' title='bbox 628 3241 716 3288; x_wconf 84' lang='lat' dir='ltr'><strong>dixerat</strong></span> <span class='ocrx_word' id='word_1_254' title='bbox 723 3243 787 3289; x_wconf 81' lang='lat' dir='ltr'><strong>esuis</strong></span> <span class='ocrx_word' id='word_1_255' title='bbox 797 3243 841 3292; x_wconf 84' lang='lat' dir='ltr'><strong>diei</strong></span> <span class='ocrx_word' id='word_1_256' title='bbox 851 3244 881 3289; x_wconf 88' lang='lat' dir='ltr'><strong>de</strong></span> <span class='ocrx_word' id='word_1_257' title='bbox 888 3242 934 3292; x_wconf 83' lang='lat' dir='ltr'><strong>illis</strong></span> <span class='ocrx_word' id='word_1_258' title='bbox 943 3242 1117 3306; x_wconf 79' lang='lat' dir='ltr'><strong>quaestionibus.</strong></span> 
     </span>
     <span class='ocr_line' id='line_1_33' title="bbox 245 3298 913 3361; baseline 0.003 -15"><span class='ocrx_word' id='word_1_259' title='bbox 245 3306 404 3361; x_wconf 80' lang='lat' dir='ltr'><strong>potestantem</strong></span> <span class='ocrx_word' id='word_1_260' title='bbox 414 3298 508 3358; x_wconf 76' lang='lat' dir='ltr'><strong>intelligi</strong></span> <span class='ocrx_word' id='word_1_261' title='bbox 518 3313 550 3358; x_wconf 84' lang='lat' dir='ltr'><strong>sn,</strong></span> <span class='ocrx_word' id='word_1_262' title='bbox 561 3299 603 3346; x_wconf 85' lang='lat' dir='ltr'><strong>etsi</strong></span> <span class='ocrx_word' id='word_1_263' title='bbox 617 3314 661 3346; x_wconf 92' lang='lat' dir='ltr'><strong>non</strong></span> <span class='ocrx_word' id='word_1_264' title='bbox 672 3299 755 3346; x_wconf 87' lang='lat' dir='ltr'><strong>diserte</strong></span> <span class='ocrx_word' id='word_1_265' title='bbox 767 3301 868 3348; x_wconf 86' lang='lat' dir='ltr'><strong>additum</strong></span> <span class='ocrx_word' id='word_1_266' title='bbox 877 3302 913 3348; x_wconf 86' lang='lat' dir='ltr'><strong>sit.</strong></span> 
     </span>
    </p>
   </div>
   <div class='ocr_carea' id='block_1_4' title="bbox 165 3377 1117 3501">
    <p class='ocr_par' dir='ltr' id='par_1_5' title="bbox 165 3377 1117 3501">
     <span class='ocr_line' id='line_1_34' title="bbox 275 3377 1117 3440; baseline 0.005 -16"><span class='ocrx_word' id='word_1_267' title='bbox 275 3379 298 3411; x_wconf 79' lang='lat'><strong>²¹</strong></span> <span class='ocrx_word' id='word_1_268' title='bbox 312 3393 354 3438; x_wconf 84' lang='lat' dir='ltr'><strong>quo</strong></span> <span class='ocrx_word' id='word_1_269' title='bbox 363 3378 423 3424; x_wconf 74' lang='lat' dir='ltr'><strong>sou</strong></span> <span class='ocrx_word' id='word_1_270' title='bbox 436 3404 445 3412; x_wconf 94' lang='lat'>·</span> <span class='ocrx_word' id='word_1_271' title='bbox 460 3377 559 3426; x_wconf 67' lang='lat' dir='ltr'><strong>melius</strong></span> <span class='ocrx_word' id='word_1_272' title='bbox 574 3377 634 3438; x_wconf 78' lang='lat' dir='ltr'><strong>esset]</strong></span> <span class='ocrx_word' id='word_1_273' title='bbox 655 3377 784 3437; x_wconf 74' lang='lat' dir='ltr'><strong>ambiguum</strong></span> <span class='ocrx_word' id='word_1_274' title='bbox 803 3384 844 3426; x_wconf 87' lang='lat' dir='ltr'><strong>est.</strong></span> <span class='ocrx_word' id='word_1_275' title='bbox 860 3394 903 3440; x_wconf 84' lang='lat' dir='ltr'><strong>qur</strong></span> <span class='ocrx_word' id='word_1_276' title='bbox 916 3385 990 3430; x_wconf 73' lang='lat' dir='ltr'><strong>rutrum</strong></span> <span class='ocrx_word' id='word_1_277' title='bbox 1000 3380 1040 3428; x_wconf 70' lang='lat' dir='ltr'><strong>ad</strong></span> <span class='ocrx_word' id='word_1_278' title='bbox 1055 3395 1117 3430; x_wconf 85' lang='lat' dir='ltr'><strong>suun·</strong></span> 
     </span>
     <span class='ocr_line' id='line_1_35' title="bbox 165 3436 1117 3501; baseline 0.004 -19"><span class='ocrx_word' id='word_1_279' title='bbox 165 3467 169 3474; x_wconf 83' lang='lat'><strong>·</strong></span> <span class='ocrx_word' id='word_1_280' title='bbox 245 3436 299 3483; x_wconf 87' lang='lat' dir='ltr'><strong>dum</strong></span> <span class='ocrx_word' id='word_1_281' title='bbox 309 3451 337 3482; x_wconf 87' lang='lat' dir='ltr'><strong>an</strong></span> <span class='ocrx_word' id='word_1_282' title='bbox 345 3437 374 3482; x_wconf 90' lang='lat' dir='ltr'><strong>ad</strong></span> <span class='ocrx_word' id='word_1_283' title='bbox 392 3437 463 3484; x_wconf 86' lang='lat' dir='ltr'><strong>Deum</strong></span> <span class='ocrx_word' id='word_1_284' title='bbox 473 3437 612 3486; x_wconf 78' lang='lat' dir='ltr'><strong>referendum</strong></span> <span class='ocrx_word' id='word_1_285' title='bbox 628 3436 664 3484; x_wconf 88' lang='lat' dir='ltr'><strong>sit.</strong></span> <span class='ocrx_word' id='word_1_286' title='bbox 676 3437 705 3482; x_wconf 80' lang='lat' dir='ltr'><strong>ad</strong></span> <span class='ocrx_word' id='word_1_287' title='bbox 720 3438 833 3486; x_wconf 83' lang='lat' dir='ltr'><strong>mundum</strong></span> <span class='ocrx_word' id='word_1_288' title='bbox 842 3439 919 3486; x_wconf 81' lang='lat' dir='ltr'><strong>referti</strong></span> <span class='ocrx_word' id='word_1_289' title='bbox 933 3439 1016 3487; x_wconf 87' lang='lat' dir='ltr'><strong>debere</strong></span> <span class='ocrx_word' id='word_1_290' title='bbox 1025 3441 1117 3501; x_wconf 84' lang='lat' dir='ltr'><strong>planum</strong></span> 
     </span>
    </p>
   </div>
   <div class='ocr_carea' id='block_1_5' title="bbox 245 3494 1117 3605">
    <p class='ocr_par' dir='ltr' id='par_1_6' title="bbox 245 3494 1117 3605">
     <span class='ocr_line' id='line_1_36' title="bbox 245 3494 1117 3605; baseline 0.006 -66"><span class='ocrx_word' id='word_1_291' title='bbox 245 3494 625 3605; x_wconf 47' lang='lat' dir='ltr'><strong>ffitsehaeltitaquemeliusiuerit,</strong></span> <span class='ocrx_word' id='word_1_292' title='bbox 635 3509 684 3544; x_wconf 81' lang='lat' dir='ltr'><strong>uam</strong></span> <span class='ocrx_word' id='word_1_293' title='bbox 701 3494 764 3546; x_wconf 84' lang='lat' dir='ltr'><strong>libris</strong></span> <span class='ocrx_word' id='word_1_294' title='bbox 777 3503 833 3546; x_wconf 83' lang='lat' dir='ltr'><strong>vett.</strong></span> <span class='ocrx_word' id='word_1_295' title='bbox 849 3499 932 3560; x_wconf 69' lang='lat' dir='ltr'><strong>tegere,</strong></span> <span class='ocrx_word' id='word_1_296' title='bbox 941 3499 1005 3560; x_wconf 78' lang='lat' dir='ltr'><strong>quod.</strong></span> <span class='ocrx_word' id='word_1_297' title='bbox 1036 3499 1074 3548; x_wconf 77' lang='lat' dir='ltr'><strong>Sic</strong></span> <span class='ocrx_word' id='word_1_298' title='bbox 1092 3501 1117 3545; x_wconf 87' lang='lat' dir='ltr'><strong>et</strong></span> 
     </span>
    </p>
   </div>
   <div class='ocr_carea' id='block_1_6' title="bbox 0 0 1274 4188">
    <p class='ocr_par' dir='ltr' id='par_1_7' title="bbox 0 0 1274 4188">
     <span class='ocr_line' id='line_1_37' title="bbox 0 0 1274 4188; baseline 0 2"><span class='ocrx_word' id='word_1_299' title='bbox 0 0 1274 4188; x_wconf 95' lang='lat' dir='ltr'><strong> </strong></span> 
     </span>
    </p>
   </div>
  </div>
 </body>
</html>
