2552 4208
485 327 777 380 mnanamuunur.
1021 337 1067 398 ω

187 478 284 554 pulvlr
307 479 397 548 labor,
412 477 519 537 nilitin
540 478 572 536 in
600 477 696 537 rtudio
715 482 770 546 erl,
793 493 879 554 quarn
899 475 1064 540 ”renititur

188 579 320 638 barbara.
335 595 405 653 ergo
426 577 472 635 hir
487 577 638 636 laborioair
661 578 922 636 exercitationibus
936 585 967 636 et
980 580 1064 638 dulor

185 677 353 736 intercurrit
374 693 599 752 nonnumquam.
613 678 812 752 impelluntur,
828 678 978 744 feriuntur.
992 678 1064 753 abji-

154 803 164 824 ·
185 777 312 842 ciuntur,
327 778 458 836 cadunt:
478 783 510 834 ct
521 777 584 851 ipre
598 779 680 836 labor
693 780 775 853 quusi
796 780 904 836 callum
918 780 1064 852 quoddam

187 875 309 934 obducit
329 876 432 934 dolori.
471 875 632 936 i'ldilitiuc
653 895 725 935 vero
744 875 887 954 (noctram
903 879 982 946 dico,
1002 897 1062 938 naa
1076 871 1119 942 16

189 975 409 1048 Spartiatarum,
423 994 544 1050 quorum
568 977 701 1051 procedit
723 994 803 1034 mora
823 978 860 1033 ad
882 977 992 1056 tibiam,
1007 994 1063 1036 nec

186 1075 341 1133 adhibetur
355 1079 413 1134 ulla
426 1077 492 1134 aine
506 1077 673 1150 anapaesti!
683 1075 804 1149 pedibus
819 1072 959 1151 hurtirtio)
974 1075 1065 1134 nuelli

188 1173 337 1232 exercitus
352 1175 475 1248 primum
494 1174 515 1207 ⁵⁹
525 1177 602 1234 unde
617 1193 726 1232 nomen
739 1175 877 1242 habeant,
892 1171 995 1231 videa:
1015 1175 1065 1232 da·

186 1273 256 1332 inde
270 1275 319 1348 qui
335 1277 426 1341 luber,
439 1279 563 1348 quantur
577 1271 723 1349 agminia?
744 1273 817 1331 ierre
832 1275 896 1347 plua
917 1271 1064 1331 dimidiati

185 1374 295 1432 mensis
309 1373 437 1432 cibaria:
460 1374 545 1441 serre,
558 1373 585 1430 ei
609 1373 679 1448 quid
699 1374 736 1430 ad
751 1389 834 1430 urum
857 1373 968 1430 veiint:
989 1372 1064 1430 ierrc

187 1475 308 1529 vallum.
323 1487 390 1526 uam
404 1477 528 1535 acutum,
539 1471 677 1543 gladium,
690 1473 815 1545 galeam,
825 1471 857 1528 in
870 1489 959 1528 onera
971 1470 1064 1530 noatri

188 1568 300 1626 milites
313 1581 373 1623 uun
394 1569 461 1638 plna
478 1572 642 1633 numerant,
663 1585 749 1640 quam
772 1569 916 1634 numeror,
930 1571 1066 1638 lucerina,

190 1683 304 1724 manue.
319 1679 398 1724 arma
412 1663 502 1732 euim,
516 1665 647 1722 membra
672 1663 774 1722 militie
787 1683 851 1722 crae
864 1665 976 1723 dicunt.
990 1684 1067 1740 quae

190 1765 307 1840 quidem
321 1765 362 1822 ita
375 1769 515 1840 geruntur
536 1769 614 1836 apte,
637 1769 678 1832 ut,
697 1761 751 1821 “ai
765 1780 833 1822 naua
846 1765 929 1832 ierat,
941 1765 1066 1838 alnieclir

187 1864 334 1931 oneribus,
354 1863 502 1938 expeditis
522 1863 620 1932 armis,
642 1866 674 1920 ut
697 1863 844 1932 membrin
859 1877 987 1939 pugnare
1002 1883 1066 1938 poe·

186 1964 256 2022 rint.
298 1964 377 2036 Quid
391 1962 569 2020 exercitatio
583 1961 756 2036 legionum?
775 1960 868 2038 quid?
888 1963 939 2021 ille
953 1980 1063 2035 curcua,

186 2080 355 2131 concursus,
379 2065 499 2128 clamor,
520 2059 621 2137 quanli
647 2059 755 2119 laboris
779 2059 848 2120 eati
867 2081 906 2120 ex
928 2055 984 2121 mie
1010 2063 1063 2124 illa

186 2164 302 2220 animur
317 2163 347 2220 in
362 2162 480 2236 proeliis
492 2166 606 2234 paratus
621 2162 657 2218 ad
673 2163 804 2220 vulnera.
816 2161 910 2220 adduc
925 2163 986 2237 pari
1000 2164 1063 2222 ani·

187 2271 236 2320 mc
251 2261 477 2320 inexercitatum
503 2259 644 2320 militem:
667 2261 769 2320 mulier
783 2261 939 2320 videbitur.
959 2261 978 2294 '¹
990 2260 1062 2322 curi

188 2353 322 2418 'Paulum
335 2361 457 2419 intereat
470 2359 548 2418 inter
562 2377 680 2428 novum,
695 2367 725 2418 el
740 2367 871 2418 velarem
890 2360 1062 2433 exercitum,

190 2466 329 2533 quantum
354 2459 469 2532 enitenti
493 2477 600 2518 eumue.
625 2465 705 2518 netur
733 2460 867 2526 tironum,
895 2463 1062 2535 plerumque

188 2557 312 2615 melior:
334 2559 385 2616 sed
408 2559 481 2616 terre
507 2561 644 2629 laborem,
658 2565 849 2619 contemnere
864 2561 978 2628 vuluur,
993 2577 1062 2618 cun·

217 2719 240 2752 ⁵⁷
247 2719 361 2778 fertilitas
371 2721 473 2783 barbanu]
481 2721 597 2779 fertilitas
607 2721 637 2768 ub
647 2722 668 2767 h.
681 2721 696 2770 l.
709 2737 756 2770 msc
764 2721 869 2780 alienum,
878 2735 955 2770 umnec
965 2733 1062 2778 reum

187 2777 226 2826 red
238 2779 299 2824 varie
309 2780 420 2839 corrigere
439 2787 564 2836 tentavere,
577 2781 690 2838 julilitca
709 2783 826 2838 timentur,
838 2787 881 2828 eie.
893 2797 934 2828 nec
945 2781 997 2828 mihi
1009 2781 1062 2828 retia

187 2839 280 2884 iaciunt.
314 2839 361 2884 Mc.
382 2841 472 2901 quidam
493 2841 548 2887 Leid
571 2841 696 2897 facilitas:
726 2844 770 2887 uod
790 2855 834 2887 nou
854 2840 964 2902 dirplircl.
977 2845 1063 2888 namet

185 2897 315 3002 uimsactir'r
325 2903 365 2955 est,
373 2913 432 2961 quae
441 2900 511 2946 libem
519 2904 575 2946 eata
587 2900 685 2947 molesti·
696 2901 717 2947 la
749 2899 816 2958 rihni,
823 2901 954 2963 tranquilla,
963 2899 1062 2962 placida,

189 2969 233 3002 ec.

217 3033 238 3066 ⁵⁸
252 3033 351 3082 Militiae
362 3052 418 3089 uera,
430 3041 484 3101 etc]
502 3037 546 3085 Hic
555 3037 616 3085 incur
626 3037 657 3084 ric
666 3037 797 3085 constitutur
807 3043 841 3084 ert
851 3052 865 3085 a
874 3037 895 3085 J.
907 3037 935 3087 ΙΙ.
947 3036 1063 3086 Gronorir

188 3091 243 3141 Oba.
257 3095 299 3150 ΙΙΙ,
309 3099 330 3142 6.
342 3099 507 3160 necquicquam
519 3097 597 3144 mulius
608 3097 660 3159 quid
670 3097 815 3156 excogitavit.

217 3173 240 3206 ⁵⁰
254 3175 314 3221 unde
323 3190 403 3224 nomeu
411 3177 512 3238 iubeant]
530 3191 610 3238 nrmpr
621 3177 649 3223 ab
659 3177 791 3224 exercendo.

216 3251 239 3284 ⁶⁰
253 3253 273 3299 ri
283 3247 337 3300 urus
347 3255 421 3317 serui]
438 3270 482 3302 uun
497 3255 600 3302 dubitavi
618 3257 718 3316 recipere
727 3255 904 3303 emendationem
926 3253 1028 3302 Lambini
1038 3259 1063 3302 et

188 3311 284 3370 Bentleji
300 3328 341 3374 pro
358 3315 456 3372 vulgato.
468 3315 487 3360 ri
497 3329 553 3360 ratur
564 3315 635 3370 furrt.
647 3315 698 3376 quir
711 3313 775 3372 serat
791 3323 873 3375 pingunt
891 3329 940 3360 cum
955 3321 1063 3374 aequente

185 3371 276 3428 purtim,
284 3386 326 3432 pro
336 3388 380 3434 quo
390 3373 483 3420 deberet
492 3387 539 3419 erue
548 3379 638 3429 possent
653 3384 698 3418 turn
709 3372 761 3418 milri
773 3386 860 3434 quoque
875 3373 949 3434 placet
966 3371 1063 3434 probata

187 3429 287 3478 Buberic
303 3433 432 3491 conjectura
451 3433 478 3481 P.
490 3431 611 3480 Burmanni
630 3433 719 3491 abjectis
736 3432 840 3479 curritur
860 3433 964 3490 raediti,
983 3433 1062 3494 muts,

187 3493 230 3536 aie.
854 3495 858 3504 ⁴

217 3567 237 3600 ⁶¹
254 3570 323 3632 ruri]
341 3570 384 3615 lmc
400 3569 492 3616 verbum
503 3583 546 3616 nou
557 3566 614 3614 bene
624 3567 727 3618 convenit
747 3569 848 3632 requenti
864 3571 994 3624 sententiae.
1007 3575 1065 3636 pute

187 3635 264 3676 utun
277 3628 458 3682 aterminalicnr
468 3629 531 3677 verbi
545 3627 667 3696 videditur,
678 3633 745 3688 utque
755 3629 885 3717 delendum.
