2548 4208
253 289 315 372 nnn
527 301 660 352 nomon
677 300 920 358 commonuit

250 449 389 511 auditoris
402 449 475 510 iram
490 453 611 510 oratoris
626 453 765 510 incendat
782 452 872 510 actio.
887 452 981 510 virum
994 451 1120 528 ueniam

169 533 175 538 ’
249 552 344 608 videri
355 557 473 626 negant,
486 551 535 626 qui
546 552 632 608 irasci
644 553 765 610 nesciat.
778 569 909 627 eamque,
919 569 1004 626 quam
1017 553 1121 610 lenita·

249 653 310 708 tem
337 667 389 708 nos
404 651 536 718 dicimus,
552 649 660 708 vitioso
683 652 867 709 lentitudinis
890 651 1007 708 nomine
1022 654 1120 725 appel·¹

249 751 320 809 lant.
362 751 428 808 Nec
443 767 514 808 vero
534 752 628 807 solum
649 751 726 808 hauc
746 751 899 808 libidinem
922 752 1041 808 laudant
1060 747 1121 828 (est

249 849 327 908 enim
343 850 393 918 ira,
407 857 439 907 ut
460 850 546 906 modo
560 849 691 916 delinivi,
706 849 868 907 ulciscendi
882 847 987 926 libido)
1006 851 1056 906 sed
1077 849 1120 923 ip·

248 966 311 1007 sum
327 949 396 1006 illud
411 967 502 1022 genus
518 951 567 1007 vel
593 949 731 1016 libidinis,
746 951 795 1006 vel
809 948 979 1022 cupiditatis
994 951 1030 1006 nd
1045 965 1120 1006 sum·

246 1065 324 1106 marn
334 1048 507 1106 utilitateme
517 1065 563 1104 sse
577 1048 706 1104 dicante
717 1053 818 1106 natura
829 1050 944 1106 datum:
957 1049 1030 1106 nihil
1040 1047 1120 1108 enim

247 1163 430 1222 quemquam,
446 1146 502 1204 nisi
525 1148 599 1222 quod
614 1148 713 1214 libeat,
738 1149 885 1220 praeclare
907 1147 1003 1204 lacere
1025 1164 1119 1220 prosse.

247 1255 338 1305 noctu
353 1249 518 1304 ambulabat
533 1247 563 1303 in
583 1247 700 1320 publico
715 1246 943 1314 Themistocles,
956 1248 1031 1322 quod
1045 1253 1121 1304 sorri-

248 1363 318 1404 uurn
342 1363 446 1418 capere
462 1364 519 1404 non
546 1351 642 1418 posset
652 1366 664 1400 ε·
681 1346 940 1420 quaerentibusque
964 1346 1120 1418 responde·

248 1447 308 1512 bat,
324 1445 468 1502 Miltiadis
483 1445 609 1518 tropaeis
628 1463 660 1502 se
674 1463 691 1500 e
706 1461 808 1502 somno
832 1443 975 1502 suscitari.
989 1443 1037 1502 cui
1058 1461 1120 1502 nou

248 1550 315 1604 sunt
342 1543 459 1602 auditae
489 1543 696 1602 Demosthenis
721 1542 863 1618 vigiliae?
891 1545 940 1620 qui
964 1544 1062 1600 dolere
1084 1559 1119 1600 sc

248 1653 355 1728 ajebat,
375 1651 400 1709 si
427 1653 543 1726 quando
563 1652 698 1724 opiticum
720 1653 894 1709 antelucana
919 1651 1015 1708 victus
1040 1655 1120 1708 esset

247 1749 397 1810 industria.
412 1750 612 1824 philosophiae
626 1751 751 1823 denique
763 1749 854 1821 ipslus
876 1749 1021 1826 principes
1036 1765 1118 1808 num·

249 1867 334 1922 quam
349 1849 380 1905 in
407 1849 465 1904 suis
479 1848 581 1904 studiis
598 1852 693 1903 tantos
714 1865 878 1920 progressus
898 1849 961 1905 sine
983 1850 1119 1924 flagranti

247 1947 409 2018 cupiditate
435 1946 531 2003 tacere
547 1945 716 2016 potuissent.
732 1945 961 2005 ultimas-nenas
982 1951 1119 2004 lustrasse

250 2045 460 2118 Pythagoram,
502 2041 712 2110 Democritum,
746 2043 899 2104 Platonem
939 2047 1118 2120 accepimus.

247 2141 269 2177 '⁴
283 2143 332 2200 uhi
343 2133 422 2198 enim
436 2140 504 2217 quid
519 2148 605 2221 esset,
626 2145 700 2216 quod
721 2143 795 2201 disci
819 2151 924 2218 posset,
945 2163 982 2202 eo
997 2145 1120 2205 venien-

248 2243 318 2300 dum
339 2241 556 2315 judicaverunt.
605 2241 684 2300 Num
712 2251 843 2316 putamus
866 2245 940 2302 haec
965 2245 1027 2302 lieri
1051 2242 1118 2303 sinc

196 2341 361 2401 20summo
384 2340 552 2413 cupiditatis
565 2343 665 2398 ardore
680 2329 828 2415 potuisse?
869 2345 967 2418 lpsam
993 2344 1118 2418 aegritu·

248 2440 357 2506 dinem,
371 2445 456 2514 quam
476 2457 529 2498 nos
552 2447 582 2497 ut
604 2445 735 2511 taetrum,
749 2447 779 2499 et
800 2442 958 2500 immanem
980 2445 1116 2513 belluam,

246 2537 413 2614 fugiendam
427 2559 490 2597 esse
512 2541 648 2609 diximus,
663 2547 723 2599 nori
744 2542 808 2599 sine
830 2559 935 2616 magna
950 2543 1075 2602 utilitate
1096 2561 1116 2602 a

247 2646 350 2698 natura
364 2639 464 2696 dicunt
489 2641 687 2706 constitutam,
710 2646 742 2698 ut
764 2641 897 2699 homines
917 2641 1117 2716 castigationi·

246 2737 309 2804 bus,
323 2735 606 2809 reprehensionibus,
626 2737 795 2812 ignominiis
815 2739 894 2796 affici
913 2755 945 2795 se
960 2738 991 2796 in
1005 2738 1117 2798 delicto

245 2839 386 2897 dolerent.
414 2837 570 2912 impunitas
590 2841 670 2898 enim
695 2847 883 2914 peccatorum
905 2841 974 2897 data
998 2841 1117 2900 videtur

246 2939 297 3005 eis,
312 2938 360 3013 qui
381 2943 411 2994 et
434 2938 625 3011 ignominiam
648 2945 679 2996 et
702 2939 851 2996 infamiam
880 2939 973 2997 lerunt
988 2939 1051 2996 sine
1064 2941 1116 2997 do-

244 3039 316 3094 lore.
338 3036 461 3094 morderi
492 3046 537 3093 est
570 3038 672 3094 melius
703 3037 895 3094 conscientia.
922 3055 960 3096 ex
983 3055 1040 3114 qun
1070 3043 1137 3095 est*

244 3135 345 3193 “illud
359 3153 375 3193 e
390 3136 453 3192 vita
466 3136 589 3201 ductum
598 3139 634 3193 ab
651 3136 782 3199 Atracio.
797 3155 864 3196 uam
878 3155 944 3196 cum
958 3138 1116 3199 dissolutus

244 3235 330 3304 filius,

272 3389 295 3421 ⁶⁸
309 3391 350 3437 nbi
368 3390 429 3437 enim
447 3391 587 3454 pulularent}
619 3391 655 3440 Sic
674 3391 725 3439 edd.
748 3395 804 3439 vett.
824 3405 867 3439 non
888 3392 1115 3454 quincuncialis

127 3453 132 3462 '
242 3448 317 3506 vulgg.
327 3449 422 3510 primum
432 3466 445 3496 a
455 3452 522 3498 lrrnta
535 3454 617 3500 datum,
650 3453 723 3500 Aldus
730 3459 806 3500 autem
816 3459 879 3502 vetus
889 3453 994 3502 servavit.

273 3525 294 3562 ⁶⁵
309 3528 386 3576 illude
396 3530 441 3577 cita
450 3531 550 3596 ductum]
567 3533 582 3582 i.
591 3549 611 3585 e.
623 3548 650 3583 ex
664 3546 704 3584 ttsu
715 3532 783 3582 vilae.
